2634 3367
269 336 301 383 88
405 329 923 381 TUSCULAN.DISPUTATIONUM

269 435 354 487 autem
367 430 443 485 ammi
459 434 499 485 est
515 430 614 484 ratione
629 428 694 484 bene
706 429 761 483 uti:
780 433 806 483 et
822 428 943 498 sapientis
960 427 1060 482 animus

269 510 307 563 ita
317 525 415 576 semper
424 507 529 561 affectus
542 510 589 569 est,
599 509 629 559 ut
641 506 739 559 ratione
751 506 845 574 optime
857 508 953 558 utatur.
978 504 1060 557 Num-

270 600 345 653 quam
356 583 436 652 igitur
450 589 490 636 est
506 580 677 652 perturbatus.
714 583 750 634 At
763 578 886 650 aegritudo
902 579 1060 649 perturbatio

270 661 310 713 est
321 658 405 711 animi.
442 659 546 726 Semper
557 658 637 727 igitur
648 675 679 711 aa
691 657 790 723 sapiens
802 655 910 710 vacabit.

233 738 262 786 1a
305 733 383 786 vnn
401 733 553 787 Venetiam
569 732 650 786 simile
662 732 725 786 illud
742 736 789 796 est,
802 732 846 802 qui
862 732 896 785 sit
908 734 1060 800 temperans,

270 826 345 879 quern
357 808 439 863 Graeci
450 815 561 877 σώφρονα
572 807 699 878 appellant
716 825 820 877 eamque
833 807 954 860 virtutem
967 822 1058 873 σωφρο-

211 882 217 896 ”
270 889 344 947 σύνην
359 888 459 947 voeant,
477 900 552 953 quam
568 883 636 937 soleo
652 882 768 953 equidem
785 888 841 936 tum
858 881 1058 951 temperantiam,

270 961 327 1013 tum
346 958 544 1014 moderationem
561 957 695 1028 appellare,
714 975 894 1028 nonnunquam
912 957 989 1011 etiam
1007 974 1060 1009 mo-

270 1032 393 1089 destiam:
414 1034 459 1089 sed
476 1033 545 1088 haud
562 1035 622 1097 seio,
641 1052 674 1087 an
692 1037 762 1088 reete
780 1052 811 1087 ea
827 1034 909 1088 vitus
927 1032 1060 1103 frugalitas

270 1110 389 1181 appellari
413 1110 501 1182 possit,
525 1109 594 1181 quod
618 1109 751 1180 angustius
773 1108 841 1179 apud
861 1109 963 1163 Grecos
984 1108 1058 1171 valet,

271 1186 316 1255 qui
332 1185 402 1257 frugi
417 1186 532 1241 homines
548 1190 681 1253 χρησίμους
695 1184 829 1256 appellant,
848 1183 875 1238 id
891 1187 930 1238 est
948 1187 1077 1237 tantum·'

270 1260 345 1316 modo
363 1263 454 1329 utiles;
472 1265 499 1316 at
518 1260 582 1315 illud
599 1264 639 1315 est
659 1260 752 1316 latius:
775 1265 814 1315 est
835 1260 899 1314 enim
919 1259 1001 1313 onmis
1019 1258 1059 1313 ala

271 1336 399 1403 atinentia,
412 1338 493 1391 omnis
508 1337 652 1391 innocentia
665 1339 733 1407 (quae
745 1335 811 1407 apud
824 1337 925 1390 Gnaeos
936 1334 1060 1388 usitatum

270 1428 364 1465 nomen
374 1412 470 1465 nullum
482 1410 567 1476 habet,
576 1411 621 1466 sed
633 1411 725 1465 habere
737 1414 823 1482 potest
835 1415 984 1472 ἀβλάβειαντ
1001 1426 1061 1463 nam

271 1491 310 1540 est
322 1486 466 1540 innocentia
477 1485 576 1539 affectio
585 1485 644 1540 talis
656 1486 740 1551 animi,
751 1504 807 1557 quaa
818 1488 908 1539 noeeat
918 1484 1061 1553 nemini)—

270 1563 380 1634 reliquas
397 1565 473 1618 etiam
490 1563 599 1618 virtutes
617 1563 750 1634 frugalitas
768 1564 889 1618 eontinet.
925 1563 991 1621 Qnae
1011 1562 1061 1617 nisi

270 1643 344 1692 tanta
359 1642 434 1703 esset,
447 1642 474 1692 et
492 1638 514 1692 si
529 1638 561 1693 iis
577 1638 708 1708 angustiis,
723 1637 814 1707 quibus
832 1638 944 1709 plerique
959 1643 1059 1708 putant,

271 1716 408 1780 teneretur,
425 1731 562 1784 numquam
580 1716 648 1768 esset
667 1714 699 1767 L.
712 1714 812 1768 Pisonis
830 1731 970 1784 cognomen
987 1719 1061 1768 tanto

234 1804 262 1854 17
271 1807 346 1859 opere
358 1789 496 1844 laudatum.
523 1788 573 1843 Sed
585 1790 644 1859 qnia
655 1807 709 1853 nen,
724 1790 766 1860 qui
778 1794 883 1860 propter
892 1792 987 1843 metum
1000 1808 1061 1858 prae·

271 1864 363 1920 sidium
380 1865 490 1935 reliquit,
511 1864 590 1935 (qnod
610 1869 650 1919 est
671 1864 798 1935 ignavia)
817 1883 872 1930 nee,
894 1865 937 1935 qui
958 1868 1062 1934 propter

271 1941 402 1996 avaritiam
419 1941 483 1996 elam
501 1941 644 2007 depositum
660 1959 713 1994 non
729 1940 846 2005 reddidit,
867 1938 946 2010 (quod
964 1945 1004 1993 est
1024 1940 1061 1992 in·

228 2012 234 2031 ²
268 2017 396 2087 justitie)
414 2034 469 2082 nen,
486 2017 531 2087 qui
548 2020 651 2087 propter
668 2017 837 2071 temeritatem
853 2015 917 2069 male
933 2033 986 2069 rem
1005 2033 1061 2085 ges·

272 2093 314 2158 sit,
335 2093 414 2163 (quod
431 2097 471 2148 est
489 2092 715 2163 stultitie,)srupi
726 2091 846 2163 appellari
857 2089 937 2156 solet3
959 2108 990 2144 eo
1007 2096 1061 2144 tres

272 2170 389 2233 virtutes,
401 2168 585 2235 fortitudinem,
593 2168 730 2236 justitiam,
747 2167 914 2238 prudentiam,
926 2165 1061 2236 frugalitas

272 2243 402 2312 complexa
413 2246 467 2297 est:
488 2244 549 2312 (etsi
559 2244 607 2297 hon
619 2243 720 2313 quidem
729 2260 859 2298 commune
868 2244 908 2296 est
920 2241 1061 2296 virtutum:

272 2334 359 2372 omnes
377 2318 443 2371 enim
460 2318 528 2372 inter
545 2336 572 2372 se
589 2336 661 2371 nexae
679 2322 705 2372 et
720 2318 816 2389 jugata
835 2321 894 2372 sunt
905 2317 922 2385 ε)
937 2316 1061 2386 reliquum

273 2393 352 2463 igitur
369 2398 416 2460 est,
434 2397 524 2463 quarta
541 2393 622 2447 virtus
642 2395 673 2445 ut
691 2393 725 2446 sit
745 2394 801 2462 ipsa
819 2392 959 2463 frugalitas.
995 2393 1061 2460 Ejus

273 2469 340 2523 enim
360 2468 461 2522 videtur
481 2486 536 2522 esse
556 2467 693 2535 proprium,
715 2459 800 2523 motus
821 2469 897 2522 animi
918 2469 1061 2537 appetentis

273 2561 361 2614 regere
376 2548 403 2598 et
421 2542 516 2607 sedare,
533 2560 682 2612 semperque
700 2541 875 2597 adversantem
890 2542 995 2606 libidini,
1008 2560 1061 2597 mo-

273 2618 385 2674 deratam
403 2618 429 2672 in
445 2620 514 2672 omni
530 2636 558 2672 re
574 2635 674 2672 servare
686 2619 861 2674 oonstantiam.
896 2618 946 2671 Oui
962 2622 1062 2671 eontra-

235 2696 339 2749 181ium
356 2694 445 2748 vitium
465 2695 582 2764 mqeitia
599 2694 701 2747 dieitur.
737 2695 897 2764 Fmaqalz'tas,
916 2697 946 2746 ut
963 2694 1060 2762 opinor,

262 2787 282 2821 a
278 2775 392 2840 flagra:
412 2787 463 2841 qua
486 2769 549 2824 nihil
572 2769 662 2823 melius
685 2786 704 2844 e
723 2772 799 2823 terra.
835 2769 958 2837 Nequitia
979 2767 1010 2823 ab
1031 2786 1062 2822 eo

248 2843 319 2906 (etsi
332 2846 388 2903 lroe
407 2849 462 2905 erit
482 2849 598 2907 fortasse
617 2846 727 2904 durius:
746 2844 796 2901 sed
810 2848 957 2899 tentemus.
971 2844 1066 2898 lusisse
