2634 3367
501 333 569 382 ΗΒ.
588 333 638 382 111.
657 334 733 383 CAP.
752 336 772 382 l.
878 340 881 346 '

466 742 595 801 LIBER
614 743 799 807 TERTIUS.

601 944 666 959 .-

367 1062 415 1109 DE
432 1060 673 1109 AEGRITUDINE
691 1062 888 1111 LENIENDA.

274 1341 296 1393 Ι.
317 1339 455 1399 Quinum
472 1357 535 1404 esse,
554 1339 644 1408 Brute,
662 1356 744 1396 muse
764 1348 859 1410 putem,
878 1355 931 1404 our,
950 1347 1049 1409 queml

237 1418 382 1470 ooustemus
398 1414 525 1469 exanimo
541 1419 568 1470 et
584 1432 697 1485 eorpore,
710 1416 822 1485 eorporis
839 1414 943 1470 ourundi
953 1419 1028 1469 tuen-

236 1490 313 1560 dique
333 1508 409 1546 eanss
430 1491 538 1562 quesite
555 1491 590 1545 sit
613 1509 662 1555 urs,
682 1492 786 1561 ejusque
807 1491 904 1547 utilitas
922 1490 1027 1547 deorum

235 1566 416 1622 immortalium
435 1566 575 1621 inventioni
595 1572 755 1622 oouseorutu:
781 1567 856 1622 animi
874 1571 959 1622 autem
976 1586 1027 1622 meu

234 1642 318 1697 dicius
336 1660 383 1697 nee
401 1645 456 1697 tum
474 1641 616 1696 desiderata
634 1642 677 1707 sit,
696 1647 828 1714 antequam
849 1644 958 1708 inventu,
979 1661 1027 1698 nee

233 1724 287 1772 tum
311 1718 387 1781 cultu,
412 1722 577 1788 posteaquam
601 1717 704 1787 cognitu
727 1724 774 1784 est,
793 1736 840 1773 nee
862 1724 915 1773 tum
939 1720 1025 1774 multis

233 1799 308 1864 gruta
328 1797 355 1847 et
373 1792 487 1862 probatu,
505 1791 620 1860 pluribus
641 1792 718 1847 etium
740 1797 859 1863 suspecte
876 1799 903 1847 et
923 1794 1024 1849 inrisu?

233 1873 277 1923 An
294 1867 363 1939 qnod
379 1869 490 1938 eorporis
511 1868 662 1938 gravitatem
683 1872 710 1921 et
730 1867 842 1922 dolorem
859 1868 942 1922 euimo
955 1868 1025 1936 judi·

232 1962 328 2008 eemus,
341 1944 418 1999 animi
435 1943 550 1999 morbum
568 1946 673 2012 eorpoi'e
690 1961 742 1997 uou
758 1942 900 1998 sentimus?
931 1943 973 1997 lta
987 1944 1023 2009 fit,

232 2026 263 2075 nt
279 2021 378 2075 animus
390 2019 421 2074 de
438 2038 466 2074 se
483 2021 537 2089 ipse
553 2023 609 2073 tum
619 2019 725 2090 judicet,
738 2037 816 2089 quum
832 2017 858 2072 id
869 2018 960 2088 ipsum,
974 2037 1025 2089 quo

227 2095 367 2165 judicetur,
381 2099 495 2165 oegrotet.
525 2094 602 2153 Quod
614 2095 636 2149 si
648 2095 713 2150 tules
724 2111 770 2148 uos
782 2096 874 2147 nutura
885 2094 1021 2163 genuisset,
1034 2100 1049 2146 2

232 2176 262 2225 ut
280 2190 335 2225 eam
353 2172 433 2239 ipsam
450 2170 544 2225 intueri
561 2173 588 2224 et
605 2170 755 2241 perspicere,
774 2167 910 2239 eademque
928 2170 1023 2239 optimu

231 2246 296 2301 duee
308 2264 410 2301 oursum
422 2246 482 2301 vite
496 2246 618 2302 conficere
634 2263 780 2315 possemus:
799 2244 867 2299 haud
882 2248 937 2299 erut
953 2263 1021 2311 seue,

229 2322 299 2393 quod
308 2324 440 2393 quisquam
449 2322 573 2375 rationem
584 2338 614 2375 eo
622 2320 762 2376 doetriuem
774 2320 920 2390 requireret.
945 2320 1022 2377 Nune

230 2398 349 2467 purvulos
365 2396 438 2452 nobis
451 2396 521 2452 dedit
533 2396 665 2467 igniculos,
678 2414 741 2466 quos
757 2394 872 2451 eeleriter
883 2395 955 2452 mulis
970 2414 1023 2451 mo·

229 2473 301 2529 ribus
313 2472 522 2543 opinionibusque
533 2472 664 2542 depravati
675 2472 712 2527 sie
723 2472 912 2541 restinguimus,
921 2476 951 2525 ut
963 2490 1023 2525 nus·

229 2567 305 2618 quum
329 2553 428 2603 nature
450 2547 537 2603 lumen
559 2550 687 2617 apparent.
734 2548 800 2601 Sunt
823 2547 889 2601 euim
914 2546 1022 2616 ingeniis

228 2624 324 2680 nostris
342 2624 438 2679 semim
457 2624 545 2683 innata
561 2623 700 2686 virtutum
720 2640 777 2691 quie
794 2621 817 2675 si
834 2620 975 2676 udolesoere
992 2620 1022 2674 li-

227 2703 306 2767 neret,
326 2700 382 2769 ipsu
401 2717 448 2757 uos
472 2698 505 2752 ed
527 2698 627 2753 beatam
648 2697 726 2751 vitem
749 2698 841 2751 nutura
863 2694 1020 2764 perduceret.

227 2775 307 2831 Nune
327 2779 421 2838 eutem,
440 2773 516 2829 simul
536 2777 613 2843 utque
633 2771 699 2828 editi
712 2771 744 2827 iu
760 2771 852 2827 iuoem
868 2774 900 2823 et
917 2765 1043 2842 memmi}

223 2870 319 2916 snmus,
337 2852 365 2907 in
384 2852 455 2910 omni
473 2851 600 2911 eontinuo
618 2852 757 2927 pueritate
778 2854 807 2908 et
825 2849 863 2905 'in
877 2854 991 2901 summu
1004 2848 1065 2897 eux·

620 2949 640 2990 θ
