<?xml version="1.0" encoding="UTF-8"?>
<!DOCTYPE html PUBLIC "-//W3C//DTD XHTML 1.0 Transitional//EN"
    "http://www.w3.org/TR/xhtml1/DTD/xhtml1-transitional.dtd">
<html xmlns="http://www.w3.org/1999/xhtml" xml:lang="en" lang="en">
 <head>
  <title>
</title>
<meta http-equiv="Content-Type" content="text/html;charset=utf-8" />
  <meta name='ocr-system' content='tesseract 3.04.00' />
  <meta name='ocr-capabilities' content='ocr_page ocr_carea ocr_par ocr_line ocrx_word'/>
</head>
<body>
  <div class='ocr_page' id='page_1' title='image "./mtulliiciceroni09cicegoog/mtulliiciceroni09cicegoog_0164.png"; bbox 0 0 2634 3367; ppageno 0'>
   <div class='ocr_carea' id='block_1_1' title="bbox 338 333 992 387">
    <p class='ocr_par' dir='ltr' id='par_1_1' title="bbox 338 333 992 387">
     <span class='ocr_line' id='line_1_1' title="bbox 338 333 992 387; baseline -0.002 -1"><span class='ocrx_word' id='word_1_1' title='bbox 338 340 384 387; x_wconf 81' lang='lat' dir='ltr'><strong>lta</strong></span> <span class='ocrx_word' id='word_1_2' title='bbox 475 335 673 387; x_wconf 68' lang='lat' dir='ltr'><strong>tusconen.</strong></span> <span class='ocrx_word' id='word_1_3' title='bbox 691 333 992 385; x_wconf 75' lang='lat' dir='ltr'>DISPUTATIONUM</span> 
     </span>
    </p>
   </div>
   <div class='ocr_carea' id='block_1_2' title="bbox 228 444 1136 2892">
    <p class='ocr_par' dir='ltr' id='par_1_2' title="bbox 228 444 1131 2349">
     <span class='ocr_line' id='line_1_2' title="bbox 335 444 1128 518; baseline 0.001 -17"><span class='ocrx_word' id='word_1_4' title='bbox 335 447 482 518; x_wconf 76' lang='lat' dir='ltr'><strong>posthunc</strong></span> <span class='ocrx_word' id='word_1_5' title='bbox 505 445 645 501; x_wconf 73' lang='lat' dir='ltr'>Phliasium</span> <span class='ocrx_word' id='word_1_6' title='bbox 669 462 810 501; x_wconf 78' lang='lat' dir='ltr'><strong>termonem</strong></span> <span class='ocrx_word' id='word_1_7' title='bbox 833 446 862 501; x_wconf 89' lang='lat' dir='ltr'><strong>iu</strong></span> <span class='ocrx_word' id='word_1_8' title='bbox 884 444 987 501; x_wconf 82' lang='lat' dir='ltr'><strong>Italiam</strong></span> <span class='ocrx_word' id='word_1_9' title='bbox 1007 445 1128 511; x_wconf 67' lang='lat' dir='ltr'><strong>renutet,</strong></span> 
     </span>
     <span class='ocr_line' id='line_1_3' title="bbox 336 521 1129 594; baseline 0 -17"><span class='ocrx_word' id='word_1_10' title='bbox 336 524 469 578; x_wconf 79' lang='lat' dir='ltr'><strong>exornavit</strong></span> <span class='ocrx_word' id='word_1_11' title='bbox 486 540 541 578; x_wconf 89' lang='lat' dir='ltr'><strong>eam</strong></span> <span class='ocrx_word' id='word_1_12' title='bbox 557 522 759 592; x_wconf 68' lang='lat' dir='ltr'><strong>thraciamque</strong></span> <span class='ocrx_word' id='word_1_13' title='bbox 776 540 868 594; x_wconf 76' lang='lat' dir='ltr'><strong>magna</strong></span> <span class='ocrx_word' id='word_1_14' title='bbox 887 521 958 577; x_wconf 87' lang='lat' dir='ltr'><strong>diota</strong></span> <span class='ocrx_word' id='word_1_15' title='bbox 971 525 1022 588; x_wconf 86' lang='lat' dir='ltr'><strong>eat,</strong></span> <span class='ocrx_word' id='word_1_16' title='bbox 1035 526 1063 578; x_wconf 91' lang='lat' dir='ltr'><strong>et</strong></span> <span class='ocrx_word' id='word_1_17' title='bbox 1080 522 1129 593; x_wconf 88' lang='lat' dir='ltr'><strong>pri·</strong></span> 
     </span>
     <span class='ocr_line' id='line_1_4' title="bbox 336 598 1128 669; baseline -0.004 -15"><span class='ocrx_word' id='word_1_18' title='bbox 336 600 417 654; x_wconf 88' lang='lat' dir='ltr'><strong>vatim</strong></span> <span class='ocrx_word' id='word_1_19' title='bbox 428 604 455 654; x_wconf 87' lang='lat' dir='ltr'><strong>et</strong></span> <span class='ocrx_word' id='word_1_20' title='bbox 467 598 567 669; x_wconf 85' lang='lat' dir='ltr'><strong>publice</strong></span> <span class='ocrx_word' id='word_1_21' title='bbox 578 599 793 668; x_wconf 67' lang='lat' dir='ltr'><strong>prestantissima</strong></span> <span class='ocrx_word' id='word_1_22' title='bbox 805 603 833 655; x_wconf 91' lang='lat' dir='ltr'><strong>et</strong></span> <span class='ocrx_word' id='word_1_23' title='bbox 843 598 970 654; x_wconf 75' lang='lat' dir='ltr'><strong>institutis</strong></span> <span class='ocrx_word' id='word_1_24' title='bbox 982 601 1010 653; x_wconf 92' lang='lat' dir='ltr'><strong>et</strong></span> <span class='ocrx_word' id='word_1_25' title='bbox 1022 598 1128 654; x_wconf 83' lang='lat' dir='ltr'><strong>artibua.</strong></span> 
     </span>
     <span class='ocr_line' id='line_1_5' title="bbox 337 674 1130 746; baseline 0 -16"><span class='ocrx_word' id='word_1_26' title='bbox 337 675 419 745; x_wconf 78' lang='lat' dir='ltr'><strong>Cujus</strong></span> <span class='ocrx_word' id='word_1_27' title='bbox 431 674 463 730; x_wconf 88' lang='lat' dir='ltr'><strong>de</strong></span> <span class='ocrx_word' id='word_1_28' title='bbox 475 674 607 746; x_wconf 72' lang='lat' dir='ltr'><strong>disciplina</strong></span> <span class='ocrx_word' id='word_1_29' title='bbox 616 674 685 729; x_wconf 85' lang='lat' dir='ltr'><strong>aliud</strong></span> <span class='ocrx_word' id='word_1_30' title='bbox 696 679 798 745; x_wconf 75' lang='lat' dir='ltr'><strong>tempus</strong></span> <span class='ocrx_word' id='word_1_31' title='bbox 809 674 888 730; x_wconf 81' lang='lat' dir='ltr'><strong>luerit</strong></span> <span class='ocrx_word' id='word_1_32' title='bbox 900 674 1010 730; x_wconf 74' lang='lat' dir='ltr'><strong>fortunae</strong></span> <span class='ocrx_word' id='word_1_33' title='bbox 1022 674 1130 731; x_wconf 75' lang='lat' dir='ltr'><strong>dicendi</strong></span> 
     </span>
     <span class='ocr_line' id='line_1_6' title="bbox 338 749 1131 823; baseline 0.001 -17"><span class='ocrx_word' id='word_1_34' title='bbox 338 752 390 806; x_wconf 84' lang='lat' dir='ltr'><strong>Sed</strong></span> <span class='ocrx_word' id='word_1_35' title='bbox 410 750 442 806; x_wconf 92' lang='lat' dir='ltr'><strong>ab</strong></span> <span class='ocrx_word' id='word_1_36' title='bbox 463 751 567 821; x_wconf 89' lang='lat' dir='ltr'><strong>antiqua</strong></span> <span class='ocrx_word' id='word_1_37' title='bbox 586 750 745 821; x_wconf 78' lang='lat' dir='ltr'><strong>philosophia</strong></span> <span class='ocrx_word' id='word_1_38' title='bbox 764 767 845 822; x_wconf 79' lang='lat' dir='ltr'><strong>nuque</strong></span> <span class='ocrx_word' id='word_1_39' title='bbox 868 749 902 805; x_wconf 89' lang='lat' dir='ltr'><strong>ad</strong></span> <span class='ocrx_word' id='word_1_40' title='bbox 925 750 1067 817; x_wconf 71' lang='lat' dir='ltr'><strong>Socmterm</strong></span> <span class='ocrx_word' id='word_1_41' title='bbox 1087 750 1131 823; x_wconf 86' lang='lat' dir='ltr'><strong>qui</strong></span> 
     </span>
     <span class='ocr_line' id='line_1_7' title="bbox 337 825 1131 897; baseline 0.001 -15"><span class='ocrx_word' id='word_1_42' title='bbox 337 826 497 893; x_wconf 75' lang='lat' dir='ltr'><strong>Archelaum,</strong></span> <span class='ocrx_word' id='word_1_43' title='bbox 519 828 677 897; x_wconf 77' lang='lat' dir='ltr'><strong>Anaxagora</strong></span> <span class='ocrx_word' id='word_1_44' title='bbox 701 826 860 897; x_wconf 82' lang='lat' dir='ltr'><strong>discipulum,</strong></span> <span class='ocrx_word' id='word_1_45' title='bbox 884 825 1009 893; x_wconf 74' lang='lat' dir='ltr'><strong>audierat,</strong></span> <span class='ocrx_word' id='word_1_46' title='bbox 1032 826 1131 883; x_wconf 87' lang='lat' dir='ltr'><strong>numeri</strong></span> 
     </span>
     <span class='ocr_line' id='line_1_8' title="bbox 337 902 1130 976; baseline 0 -17"><span class='ocrx_word' id='word_1_47' title='bbox 337 908 473 974; x_wconf 78' lang='lat' dir='ltr'><strong>motusque</strong></span> <span class='ocrx_word' id='word_1_48' title='bbox 484 902 668 966; x_wconf 80' lang='lat' dir='ltr'><strong>tractabantur,</strong></span> <span class='ocrx_word' id='word_1_49' title='bbox 680 913 708 958; x_wconf 91' lang='lat' dir='ltr'><strong>et</strong></span> <span class='ocrx_word' id='word_1_50' title='bbox 724 902 792 958; x_wconf 90' lang='lat' dir='ltr'><strong>unde</strong></span> <span class='ocrx_word' id='word_1_51' title='bbox 803 902 887 958; x_wconf 86' lang='lat' dir='ltr'><strong>omnia</strong></span> <span class='ocrx_word' id='word_1_52' title='bbox 897 902 1035 970; x_wconf 89' lang='lat' dir='ltr'><strong>orirentur,</strong></span> <span class='ocrx_word' id='word_1_53' title='bbox 1048 920 1130 976; x_wconf 83' lang='lat' dir='ltr'><strong>quove</strong></span> 
     </span>
     <span class='ocr_line' id='line_1_9' title="bbox 337 978 1128 1051; baseline 0.001 -17"><span class='ocrx_word' id='word_1_54' title='bbox 337 979 496 1034; x_wconf 87' lang='lat' dir='ltr'><strong>reciderent:</strong></span> <span class='ocrx_word' id='word_1_55' title='bbox 515 979 679 1051; x_wconf 73' lang='lat' dir='ltr'><strong>studioseque</strong></span> <span class='ocrx_word' id='word_1_56' title='bbox 696 978 729 1033; x_wconf 92' lang='lat' dir='ltr'><strong>ab</strong></span> <span class='ocrx_word' id='word_1_57' title='bbox 746 979 786 1034; x_wconf 85' lang='lat' dir='ltr'><strong>hia</strong></span> <span class='ocrx_word' id='word_1_58' title='bbox 802 978 914 1035; x_wconf 75' lang='lat' dir='ltr'><strong>siderum</strong></span> <span class='ocrx_word' id='word_1_59' title='bbox 932 979 1128 1051; x_wconf 67' lang='lat' dir='ltr'><strong>magnitudines,</strong></span> 
     </span>
     <span class='ocr_line' id='line_1_10' title="bbox 338 1055 1128 1126; baseline 0.001 -15"><span class='ocrx_word' id='word_1_60' title='bbox 338 1055 478 1121; x_wconf 84' lang='lat' dir='ltr'><strong>intervalla,</strong></span> <span class='ocrx_word' id='word_1_61' title='bbox 500 1074 591 1111; x_wconf 78' lang='lat' dir='ltr'><strong>eumue</strong></span> <span class='ocrx_word' id='word_1_62' title='bbox 621 1055 821 1126; x_wconf 81' lang='lat' dir='ltr'><strong>anquirebantur</strong></span> <span class='ocrx_word' id='word_1_63' title='bbox 843 1059 871 1110; x_wconf 90' lang='lat' dir='ltr'><strong>et</strong></span> <span class='ocrx_word' id='word_1_64' title='bbox 893 1064 990 1110; x_wconf 80' lang='lat' dir='ltr'><strong>cuncta</strong></span> <span class='ocrx_word' id='word_1_65' title='bbox 1011 1056 1128 1112; x_wconf 68' lang='lat' dir='ltr'><strong>nabata</strong></span> 
     </span>
     <span class='ocr_line' id='line_1_11' title="bbox 339 1130 1126 1203; baseline 0 -15"><span class='ocrx_word' id='word_1_66' title='bbox 339 1132 457 1188; x_wconf 78' lang='lat' dir='ltr'><strong>Socrates</strong></span> <span class='ocrx_word' id='word_1_67' title='bbox 474 1137 559 1188; x_wconf 89' lang='lat' dir='ltr'><strong>autem</strong></span> <span class='ocrx_word' id='word_1_68' title='bbox 576 1132 672 1203; x_wconf 79' lang='lat' dir='ltr'><strong>primun</strong></span> <span class='ocrx_word' id='word_1_69' title='bbox 691 1131 874 1203; x_wconf 85' lang='lat' dir='ltr'><strong>philosophiam</strong></span> <span class='ocrx_word' id='word_1_70' title='bbox 887 1130 1022 1187; x_wconf 59' lang='lat' dir='ltr'><strong>deveant</strong></span> <span class='ocrx_word' id='word_1_71' title='bbox 1034 1150 1051 1188; x_wconf 84' lang='lat' dir='ltr'><strong>e</strong></span> <span class='ocrx_word' id='word_1_72' title='bbox 1061 1132 1126 1197; x_wconf 70' lang='lat' dir='ltr'><strong>uelo,</strong></span> 
     </span>
     <span class='ocr_line' id='line_1_12' title="bbox 338 1207 1127 1277; baseline 0.001 -14"><span class='ocrx_word' id='word_1_73' title='bbox 338 1212 366 1263; x_wconf 90' lang='lat' dir='ltr'><strong>et</strong></span> <span class='ocrx_word' id='word_1_74' title='bbox 377 1209 404 1265; x_wconf 90' lang='lat' dir='ltr'><strong>in</strong></span> <span class='ocrx_word' id='word_1_75' title='bbox 413 1209 518 1265; x_wconf 75' lang='lat' dir='ltr'><strong>urbibus</strong></span> <span class='ocrx_word' id='word_1_76' title='bbox 527 1207 666 1273; x_wconf 78' lang='lat' dir='ltr'><strong>collocavit,</strong></span> <span class='ocrx_word' id='word_1_77' title='bbox 676 1213 703 1262; x_wconf 91' lang='lat' dir='ltr'><strong>et</strong></span> <span class='ocrx_word' id='word_1_78' title='bbox 715 1208 743 1262; x_wconf 90' lang='lat' dir='ltr'><strong>in</strong></span> <span class='ocrx_word' id='word_1_79' title='bbox 754 1207 841 1263; x_wconf 76' lang='lat' dir='ltr'><strong>domos</strong></span> <span class='ocrx_word' id='word_1_80' title='bbox 853 1207 931 1262; x_wconf 85' lang='lat' dir='ltr'><strong>etiam</strong></span> <span class='ocrx_word' id='word_1_81' title='bbox 942 1207 1127 1277; x_wconf 87' lang='lat' dir='ltr'><strong>introduxit,et</strong></span> 
     </span>
     <span class='ocr_line' id='line_1_13' title="bbox 339 1282 1128 1358; baseline -0.001 -17"><span class='ocrx_word' id='word_1_82' title='bbox 339 1286 424 1357; x_wconf 82' lang='lat' dir='ltr'><strong>coegit</strong></span> <span class='ocrx_word' id='word_1_83' title='bbox 435 1285 467 1341; x_wconf 88' lang='lat' dir='ltr'><strong>de</strong></span> <span class='ocrx_word' id='word_1_84' title='bbox 478 1286 532 1340; x_wconf 85' lang='lat' dir='ltr'><strong>vita</strong></span> <span class='ocrx_word' id='word_1_85' title='bbox 543 1289 570 1339; x_wconf 89' lang='lat' dir='ltr'><strong>et</strong></span> <span class='ocrx_word' id='word_1_86' title='bbox 581 1283 694 1339; x_wconf 74' lang='lat' dir='ltr'><strong>moribus</strong></span> <span class='ocrx_word' id='word_1_87' title='bbox 711 1284 838 1355; x_wconf 77' lang='lat' dir='ltr'><strong>rebusque</strong></span> <span class='ocrx_word' id='word_1_88' title='bbox 854 1282 927 1339; x_wconf 78' lang='lat' dir='ltr'><strong>bonis</strong></span> <span class='ocrx_word' id='word_1_89' title='bbox 939 1288 968 1339; x_wconf 91' lang='lat' dir='ltr'><strong>et</strong></span> <span class='ocrx_word' id='word_1_90' title='bbox 979 1285 1055 1341; x_wconf 83' lang='lat' dir='ltr'><strong>melia</strong></span> <span class='ocrx_word' id='word_1_91' title='bbox 1066 1302 1128 1358; x_wconf 79' lang='lat' dir='ltr'><strong>qua·</strong></span> 
     </span>
     <span class='ocr_line' id='line_1_14' title="bbox 302 1359 1128 1433; baseline 0.002 -18"><span class='ocrx_word' id='word_1_92' title='bbox 302 1369 403 1416; x_wconf 88' lang='lat' dir='ltr'><strong>llrere.</strong></span> <span class='ocrx_word' id='word_1_93' title='bbox 440 1362 518 1432; x_wconf 79' lang='lat' dir='ltr'><strong>Cujus</strong></span> <span class='ocrx_word' id='word_1_94' title='bbox 539 1359 672 1431; x_wconf 86' lang='lat' dir='ltr'><strong>multiplex</strong></span> <span class='ocrx_word' id='word_1_95' title='bbox 690 1360 757 1415; x_wconf 91' lang='lat' dir='ltr'><strong>ratio</strong></span> <span class='ocrx_word' id='word_1_96' title='bbox 779 1359 925 1431; x_wconf 70' lang='lat' dir='ltr'><strong>disputandi</strong></span> <span class='ocrx_word' id='word_1_97' title='bbox 933 1378 1128 1433; x_wconf 66' lang='lat' dir='ltr'><strong>xrerumquere-</strong></span> 
     </span>
     <span class='ocr_line' id='line_1_15' title="bbox 340 1435 1127 1507; baseline 0.004 -16"><span class='ocrx_word' id='word_1_98' title='bbox 340 1438 418 1491; x_wconf 76' lang='lat' dir='ltr'><strong>rietes</strong></span> <span class='ocrx_word' id='word_1_99' title='bbox 428 1441 456 1492; x_wconf 93' lang='lat' dir='ltr'><strong>et</strong></span> <span class='ocrx_word' id='word_1_100' title='bbox 467 1436 563 1507; x_wconf 79' lang='lat' dir='ltr'><strong>ingenii</strong></span> <span class='ocrx_word' id='word_1_101' title='bbox 579 1436 735 1506; x_wconf 79' lang='lat' dir='ltr'><strong>magnitudo,</strong></span> <span class='ocrx_word' id='word_1_102' title='bbox 748 1436 861 1492; x_wconf 84' lang='lat' dir='ltr'><strong>Plutonia</strong></span> <span class='ocrx_word' id='word_1_103' title='bbox 878 1437 1001 1492; x_wconf 88' lang='lat' dir='ltr'><strong>memoria</strong></span> <span class='ocrx_word' id='word_1_104' title='bbox 1012 1442 1041 1493; x_wconf 90' lang='lat' dir='ltr'><strong>et</strong></span> <span class='ocrx_word' id='word_1_105' title='bbox 1052 1435 1127 1494; x_wconf 83' lang='lat' dir='ltr'><strong>literit</strong></span> 
     </span>
     <span class='ocr_line' id='line_1_16' title="bbox 340 1512 1127 1586; baseline 0.004 -19"><span class='ocrx_word' id='word_1_106' title='bbox 340 1517 493 1577; x_wconf 78' lang='lat' dir='ltr'><strong>consecrata,</strong></span> <span class='ocrx_word' id='word_1_107' title='bbox 507 1512 580 1583; x_wconf 89' lang='lat' dir='ltr'><strong>plura</strong></span> <span class='ocrx_word' id='word_1_108' title='bbox 596 1530 690 1582; x_wconf 87' lang='lat' dir='ltr'><strong>genera</strong></span> <span class='ocrx_word' id='word_1_109' title='bbox 704 1514 789 1569; x_wconf 82' lang='lat' dir='ltr'><strong>effecit</strong></span> <span class='ocrx_word' id='word_1_110' title='bbox 805 1513 1010 1568; x_wconf 71' lang='lat' dir='ltr'><strong>dissentientium</strong></span> <span class='ocrx_word' id='word_1_111' title='bbox 1022 1514 1127 1586; x_wconf 73' lang='lat' dir='ltr'><strong>philone</strong></span> 
     </span>
     <span class='ocr_line' id='line_1_17' title="bbox 340 1587 1126 1660; baseline 0.005 -18"><span class='ocrx_word' id='word_1_112' title='bbox 340 1588 456 1659; x_wconf 90' lang='lat' dir='ltr'><strong>phorum.</strong></span> <span class='ocrx_word' id='word_1_113' title='bbox 482 1588 506 1641; x_wconf 77' lang='grc' dir='ltr'><strong>Ε</strong></span> <span class='ocrx_word' id='word_1_114' title='bbox 518 1587 610 1658; x_wconf 83' lang='lat' dir='ltr'><strong>quibus</strong></span> <span class='ocrx_word' id='word_1_115' title='bbox 622 1606 669 1642; x_wconf 86' lang='lat' dir='ltr'><strong>nos</strong></span> <span class='ocrx_word' id='word_1_116' title='bbox 681 1588 708 1643; x_wconf 93' lang='lat' dir='ltr'><strong>id</strong></span> <span class='ocrx_word' id='word_1_117' title='bbox 719 1590 880 1660; x_wconf 80' lang='lat' dir='ltr'><strong>potissimum</strong></span> <span class='ocrx_word' id='word_1_118' title='bbox 891 1591 1024 1645; x_wconf 76' lang='lat' dir='ltr'><strong>consecuti</strong></span> <span class='ocrx_word' id='word_1_119' title='bbox 1036 1607 1126 1654; x_wconf 81' lang='lat' dir='ltr'><strong>sumna,</strong></span> 
     </span>
     <span class='ocr_line' id='line_1_18' title="bbox 341 1663 1128 1738; baseline 0.004 -20"><span class='ocrx_word' id='word_1_120' title='bbox 341 1682 392 1735; x_wconf 90' lang='lat' dir='ltr'><strong>quo</strong></span> <span class='ocrx_word' id='word_1_121' title='bbox 408 1664 537 1719; x_wconf 78' lang='lat' dir='ltr'><strong>Socratem</strong></span> <span class='ocrx_word' id='word_1_122' title='bbox 549 1681 624 1717; x_wconf 83' lang='lat' dir='ltr'><strong>usum</strong></span> <span class='ocrx_word' id='word_1_123' title='bbox 637 1664 827 1731; x_wconf 87' lang='lat' dir='ltr'><strong>arbitrabamur,</strong></span> <span class='ocrx_word' id='word_1_124' title='bbox 836 1663 871 1720; x_wconf 84' lang='lat' dir='ltr'><strong>¹ut</strong></span> <span class='ocrx_word' id='word_1_125' title='bbox 882 1670 997 1720; x_wconf 81' lang='lat' dir='ltr'><strong>nostram</strong></span> <span class='ocrx_word' id='word_1_126' title='bbox 1014 1666 1067 1738; x_wconf 84' lang='lat' dir='ltr'><strong>ipei</strong></span> <span class='ocrx_word' id='word_1_127' title='bbox 1077 1683 1128 1722; x_wconf 83' lang='lat' dir='ltr'><strong>aen·</strong></span> 
     </span>
     <span class='ocr_line' id='line_1_19' title="bbox 340 1740 1128 1812; baseline 0.003 -15"><span class='ocrx_word' id='word_1_128' title='bbox 340 1741 448 1797; x_wconf 85' lang='lat' dir='ltr'><strong>tentiam</strong></span> <span class='ocrx_word' id='word_1_129' title='bbox 465 1746 616 1812; x_wconf 78' lang='lat' dir='ltr'><strong>tegeremus,</strong></span> <span class='ocrx_word' id='word_1_130' title='bbox 630 1760 715 1797; x_wconf 91' lang='lat' dir='ltr'><strong>errore</strong></span> <span class='ocrx_word' id='word_1_131' title='bbox 737 1743 798 1798; x_wconf 80' lang='lat' dir='ltr'><strong>alios</strong></span> <span class='ocrx_word' id='word_1_132' title='bbox 815 1742 956 1798; x_wconf 74' lang='lat' dir='ltr'><strong>levaremus</strong></span> <span class='ocrx_word' id='word_1_133' title='bbox 975 1746 1002 1799; x_wconf 87' lang='lat' dir='ltr'><strong>et</strong></span> <span class='ocrx_word' id='word_1_134' title='bbox 1020 1744 1048 1799; x_wconf 92' lang='lat' dir='ltr'><strong>in</strong></span> <span class='ocrx_word' id='word_1_135' title='bbox 1066 1740 1128 1799; x_wconf 86' lang='lat' dir='ltr'><strong>omui</strong></span> 
     </span>
     <span class='ocr_line' id='line_1_20' title="bbox 341 1817 1126 1891; baseline 0.001 -18"><span class='ocrx_word' id='word_1_136' title='bbox 341 1817 521 1890; x_wconf 80' lang='lat' dir='ltr'><strong>disputatione,</strong></span> <span class='ocrx_word' id='word_1_137' title='bbox 534 1817 596 1889; x_wconf 92' lang='lat' dir='ltr'><strong>quid</strong></span> <span class='ocrx_word' id='word_1_138' title='bbox 613 1821 681 1873; x_wconf 75' lang='lat' dir='ltr'><strong>esset</strong></span> <span class='ocrx_word' id='word_1_139' title='bbox 700 1819 856 1874; x_wconf 77' lang='lat' dir='ltr'><strong>simillimum</strong></span> <span class='ocrx_word' id='word_1_140' title='bbox 872 1818 933 1885; x_wconf 88' lang='lat' dir='ltr'><strong>veri,</strong></span> <span class='ocrx_word' id='word_1_141' title='bbox 952 1837 1126 1891; x_wconf 78' lang='lat' dir='ltr'><strong>quereremus.</strong></span> 
     </span>
     <span class='ocr_line' id='line_1_21' title="bbox 342 1895 1128 1966; baseline 0.001 -15"><span class='ocrx_word' id='word_1_142' title='bbox 342 1896 429 1956; x_wconf 76' lang='lat' dir='ltr'><strong>Quem</strong></span> <span class='ocrx_word' id='word_1_143' title='bbox 440 1914 534 1950; x_wconf 89' lang='lat' dir='ltr'><strong>morem</strong></span> <span class='ocrx_word' id='word_1_144' title='bbox 547 1913 625 1965; x_wconf 89' lang='lat' dir='ltr'><strong>quum</strong></span> <span class='ocrx_word' id='word_1_145' title='bbox 638 1895 778 1950; x_wconf 79' lang='lat' dir='ltr'><strong>Carneadea</strong></span> <span class='ocrx_word' id='word_1_146' title='bbox 790 1895 936 1950; x_wconf 79' lang='lat' dir='ltr'><strong>acutissime</strong></span> <span class='ocrx_word' id='word_1_147' title='bbox 949 1895 1128 1966; x_wconf 73' lang='lat' dir='ltr'><strong>copiosissime·</strong></span> 
     </span>
     <span class='ocr_line' id='line_1_22' title="bbox 342 1971 1129 2043; baseline -0.003 -16"><span class='ocrx_word' id='word_1_148' title='bbox 342 1990 394 2043; x_wconf 92' lang='lat' dir='ltr'><strong>que</strong></span> <span class='ocrx_word' id='word_1_149' title='bbox 405 1972 538 2040; x_wconf 76' lang='lat' dir='ltr'><strong>tenuisset,</strong></span> <span class='ocrx_word' id='word_1_150' title='bbox 549 1972 654 2027; x_wconf 81' lang='lat' dir='ltr'><strong>lecimus</strong></span> <span class='ocrx_word' id='word_1_151' title='bbox 667 1976 694 2027; x_wconf 93' lang='lat' dir='ltr'><strong>et</strong></span> <span class='ocrx_word' id='word_1_152' title='bbox 707 1971 767 2026; x_wconf 81' lang='lat' dir='ltr'><strong>aliua</strong></span> <span class='ocrx_word' id='word_1_153' title='bbox 780 1990 853 2043; x_wconf 83' lang='lat' dir='ltr'><strong>eaepe,</strong></span> <span class='ocrx_word' id='word_1_154' title='bbox 864 1975 891 2026; x_wconf 93' lang='lat' dir='ltr'><strong>et</strong></span> <span class='ocrx_word' id='word_1_155' title='bbox 902 1989 985 2042; x_wconf 90' lang='lat' dir='ltr'><strong>nuper</strong></span> <span class='ocrx_word' id='word_1_156' title='bbox 996 1971 1024 2026; x_wconf 92' lang='lat' dir='ltr'><strong>in</strong></span> <span class='ocrx_word' id='word_1_157' title='bbox 1037 1973 1129 2027; x_wconf 72' lang='lat' dir='ltr'><strong>Tuscu-</strong></span> 
     </span>
     <span class='ocr_line' id='line_1_23' title="bbox 342 2047 1130 2119; baseline -0.001 -16"><span class='ocrx_word' id='word_1_158' title='bbox 342 2048 407 2114; x_wconf 86' lang='lat' dir='ltr'><strong>lano‚</strong></span> <span class='ocrx_word' id='word_1_159' title='bbox 422 2054 453 2105; x_wconf 88' lang='lat' dir='ltr'><strong>ut</strong></span> <span class='ocrx_word' id='word_1_160' title='bbox 466 2049 497 2104; x_wconf 89' lang='lat' dir='ltr'><strong>ad</strong></span> <span class='ocrx_word' id='word_1_161' title='bbox 509 2067 564 2103; x_wconf 91' lang='lat' dir='ltr'><strong>eam</strong></span> <span class='ocrx_word' id='word_1_162' title='bbox 576 2047 784 2103; x_wconf 80' lang='lat' dir='ltr'><strong>cousuetudinem</strong></span> <span class='ocrx_word' id='word_1_163' title='bbox 796 2047 992 2118; x_wconf 73' lang='lat' dir='ltr'><strong>disputaremus.</strong></span> <span class='ocrx_word' id='word_1_164' title='bbox 1029 2048 1066 2103; x_wconf 86' lang='lat' dir='ltr'><strong>Et</strong></span> <span class='ocrx_word' id='word_1_165' title='bbox 1075 2064 1130 2119; x_wconf 86' lang='lat' dir='ltr'><strong>qut·</strong></span> 
     </span>
     <span class='ocr_line' id='line_1_24' title="bbox 342 2123 1130 2196; baseline 0.001 -18"><span class='ocrx_word' id='word_1_166' title='bbox 342 2124 422 2179; x_wconf 91' lang='lat' dir='ltr'><strong>tridui</strong></span> <span class='ocrx_word' id='word_1_167' title='bbox 434 2125 535 2196; x_wconf 91' lang='lat' dir='ltr'><strong>quidem</strong></span> <span class='ocrx_word' id='word_1_168' title='bbox 546 2143 687 2180; x_wconf 78' lang='lat' dir='ltr'><strong>sermonem</strong></span> <span class='ocrx_word' id='word_1_169' title='bbox 699 2123 870 2195; x_wconf 77' lang='lat' dir='ltr'><strong>superioribus</strong></span> <span class='ocrx_word' id='word_1_170' title='bbox 883 2123 915 2178; x_wconf 91' lang='lat' dir='ltr'><strong>ad</strong></span> <span class='ocrx_word' id='word_1_171' title='bbox 924 2128 951 2178; x_wconf 90' lang='lat' dir='ltr'><strong>te</strong></span> <span class='ocrx_word' id='word_1_172' title='bbox 962 2125 1130 2195; x_wconf 77' lang='lat' dir='ltr'><strong>perscriptum</strong></span> 
     </span>
     <span class='ocr_line' id='line_1_25' title="bbox 340 2199 1131 2272; baseline 0.001 -17"><span class='ocrx_word' id='word_1_173' title='bbox 340 2200 413 2255; x_wconf 83' lang='lat' dir='ltr'><strong>libris</strong></span> <span class='ocrx_word' id='word_1_174' title='bbox 425 2202 552 2255; x_wconf 81' lang='lat' dir='ltr'><strong>misirnua:</strong></span> <span class='ocrx_word' id='word_1_175' title='bbox 566 2202 655 2271; x_wconf 89' lang='lat' dir='ltr'><strong>quinto</strong></span> <span class='ocrx_word' id='word_1_176' title='bbox 668 2205 753 2256; x_wconf 90' lang='lat' dir='ltr'><strong>autem</strong></span> <span class='ocrx_word' id='word_1_177' title='bbox 766 2202 814 2268; x_wconf 88' lang='lat' dir='ltr'><strong>die,</strong></span> <span class='ocrx_word' id='word_1_178' title='bbox 823 2219 899 2272; x_wconf 91' lang='lat' dir='ltr'><strong>quum</strong></span> <span class='ocrx_word' id='word_1_179' title='bbox 910 2199 998 2255; x_wconf 88' lang='lat' dir='ltr'><strong>eodem</strong></span> <span class='ocrx_word' id='word_1_180' title='bbox 1007 2199 1065 2256; x_wconf 89' lang='lat' dir='ltr'><strong>loeo</strong></span> <span class='ocrx_word' id='word_1_181' title='bbox 1074 2218 1131 2256; x_wconf 88' lang='lat' dir='ltr'><strong>cou-</strong></span> 
     </span>
     <span class='ocr_line' id='line_1_26' title="bbox 228 2276 1100 2349; baseline 0.003 -19"><span class='ocrx_word' id='word_1_182' title='bbox 228 2325 230 2330; x_wconf 81' lang='grc'>,</span> <span class='ocrx_word' id='word_1_183' title='bbox 342 2276 501 2342; x_wconf 70' lang='lat' dir='ltr'><strong>amasenus,</strong></span> <span class='ocrx_word' id='word_1_184' title='bbox 515 2277 551 2331; x_wconf 86' lang='lat' dir='ltr'><strong>eie</strong></span> <span class='ocrx_word' id='word_1_185' title='bbox 564 2281 604 2332; x_wconf 85' lang='lat' dir='ltr'><strong>eet</strong></span> <span class='ocrx_word' id='word_1_186' title='bbox 616 2279 782 2348; x_wconf 78' lang='lat' dir='ltr'><strong>propositum,</strong></span> <span class='ocrx_word' id='word_1_187' title='bbox 795 2277 827 2333; x_wconf 89' lang='lat' dir='ltr'><strong>de</strong></span> <span class='ocrx_word' id='word_1_188' title='bbox 839 2294 889 2349; x_wconf 92' lang='lat' dir='ltr'><strong>quo</strong></span> <span class='ocrx_word' id='word_1_189' title='bbox 901 2276 1100 2347; x_wconf 75' lang='lat' dir='ltr'><strong>disputaremus.</strong></span> 
     </span>
    </p>

    <p class='ocr_par' dir='ltr' id='par_1_3' title="bbox 252 2351 1131 2809">
     <span class='ocr_line' id='line_1_27' title="bbox 252 2351 1131 2411; baseline 0 -2"><span class='ocrx_word' id='word_1_190' title='bbox 252 2382 255 2388; x_wconf 96' lang='lat'>·</span> <span class='ocrx_word' id='word_1_191' title='bbox 304 2362 334 2411; x_wconf 82' lang='lat'><strong>12</strong></span> <span class='ocrx_word' id='word_1_192' title='bbox 378 2351 410 2406; x_wconf 90' lang='lat' dir='ltr'><strong>V.</strong></span> <span class='ocrx_word' id='word_1_193' title='bbox 430 2354 462 2406; x_wconf 87' lang='lat' dir='ltr'><strong>A.</strong></span> <span class='ocrx_word' id='word_1_194' title='bbox 482 2352 543 2407; x_wconf 93' lang='lat' dir='ltr'><strong>Non</strong></span> <span class='ocrx_word' id='word_1_195' title='bbox 562 2353 625 2407; x_wconf 90' lang='lat' dir='ltr'><strong>mihi</strong></span> <span class='ocrx_word' id='word_1_196' title='bbox 644 2353 745 2409; x_wconf 82' lang='lat' dir='ltr'><strong>videtur</strong></span> <span class='ocrx_word' id='word_1_197' title='bbox 766 2354 798 2409; x_wconf 91' lang='lat' dir='ltr'><strong>ad</strong></span> <span class='ocrx_word' id='word_1_198' title='bbox 819 2353 892 2409; x_wconf 88' lang='lat' dir='ltr'><strong>beate</strong></span> <span class='ocrx_word' id='word_1_199' title='bbox 912 2352 1049 2408; x_wconf 82' lang='lat' dir='ltr'><strong>vivendum</strong></span> <span class='ocrx_word' id='word_1_200' title='bbox 1071 2352 1131 2409; x_wconf 78' lang='lat' dir='ltr'><strong>satit</strong></span> 
     </span>
     <span class='ocr_line' id='line_1_28' title="bbox 342 2428 1131 2497; baseline 0 -14"><span class='ocrx_word' id='word_1_201' title='bbox 342 2428 565 2497; x_wconf 61' lang='lat' dir='ltr'><strong>pessumeuntem.</strong></span> <span class='ocrx_word' id='word_1_202' title='bbox 602 2429 640 2483; x_wconf 88' lang='lat' dir='ltr'><strong>M.</strong></span> <span class='ocrx_word' id='word_1_203' title='bbox 663 2432 698 2484; x_wconf 83' lang='lat' dir='ltr'><strong>At</strong></span> <span class='ocrx_word' id='word_1_204' title='bbox 719 2430 821 2486; x_wconf 85' lang='lat' dir='ltr'><strong>hercule</strong></span> <span class='ocrx_word' id='word_1_205' title='bbox 840 2430 923 2485; x_wconf 86' lang='lat' dir='ltr'><strong>Bruto</strong></span> <span class='ocrx_word' id='word_1_206' title='bbox 943 2447 1000 2484; x_wconf 89' lang='lat' dir='ltr'><strong>meo</strong></span> <span class='ocrx_word' id='word_1_207' title='bbox 1014 2429 1131 2485; x_wconf 86' lang='lat' dir='ltr'><strong>videtur:</strong></span> 
     </span>
     <span class='ocr_line' id='line_1_29' title="bbox 342 2504 1131 2578; baseline 0.004 -20"><span class='ocrx_word' id='word_1_208' title='bbox 342 2504 416 2574; x_wconf 76' lang='lat' dir='ltr'><strong>eujus</strong></span> <span class='ocrx_word' id='word_1_209' title='bbox 437 2522 484 2576; x_wconf 86' lang='lat' dir='ltr'><strong>ego</strong></span> <span class='ocrx_word' id='word_1_210' title='bbox 500 2504 632 2574; x_wconf 89' lang='lat' dir='ltr'><strong>judicium,</strong></span> <span class='ocrx_word' id='word_1_211' title='bbox 646 2524 708 2576; x_wconf 88' lang='lat' dir='ltr'><strong>pace</strong></span> <span class='ocrx_word' id='word_1_212' title='bbox 725 2511 771 2561; x_wconf 89' lang='lat' dir='ltr'><strong>tua</strong></span> <span class='ocrx_word' id='word_1_213' title='bbox 788 2507 903 2572; x_wconf 77' lang='lat' dir='ltr'><strong>dixerim,</strong></span> <span class='ocrx_word' id='word_1_214' title='bbox 913 2505 988 2577; x_wconf 83' lang='lat' dir='ltr'><strong>longe</strong></span> <span class='ocrx_word' id='word_1_215' title='bbox 1006 2511 1131 2578; x_wconf 89' lang='lat' dir='ltr'><strong>antepono</strong></span> 
     </span>
     <span class='ocr_line' id='line_1_30' title="bbox 342 2580 1130 2653; baseline 0.003 -18"><span class='ocrx_word' id='word_1_216' title='bbox 342 2584 395 2635; x_wconf 90' lang='lat' dir='ltr'><strong>tuo.</strong></span> <span class='ocrx_word' id='word_1_217' title='bbox 433 2586 463 2634; x_wconf 85' lang='grc' dir='ltr'><strong>Α.</strong></span> <span class='ocrx_word' id='word_1_218' title='bbox 483 2581 543 2636; x_wconf 85' lang='grc' dir='ltr'>Νοιι</span> <span class='ocrx_word' id='word_1_219' title='bbox 564 2580 660 2635; x_wconf 91' lang='lat' dir='ltr'><strong>dubito.</strong></span> <span class='ocrx_word' id='word_1_220' title='bbox 696 2582 754 2637; x_wconf 89' lang='lat' dir='ltr'><strong>Neo</strong></span> <span class='ocrx_word' id='word_1_221' title='bbox 773 2583 800 2638; x_wconf 94' lang='lat' dir='ltr'><strong>id</strong></span> <span class='ocrx_word' id='word_1_222' title='bbox 819 2601 888 2637; x_wconf 89' lang='lat' dir='ltr'><strong>nuuc</strong></span> <span class='ocrx_word' id='word_1_223' title='bbox 908 2582 1001 2653; x_wconf 83' lang='lat' dir='ltr'><strong>agitur,</strong></span> <span class='ocrx_word' id='word_1_224' title='bbox 1012 2586 1044 2637; x_wconf 91' lang='lat' dir='ltr'><strong>tu</strong></span> <span class='ocrx_word' id='word_1_225' title='bbox 1062 2584 1130 2639; x_wconf 91' lang='lat' dir='ltr'><strong>illum</strong></span> 
     </span>
     <span class='ocr_line' id='line_1_31' title="bbox 343 2657 1131 2731; baseline 0.003 -20"><span class='ocrx_word' id='word_1_226' title='bbox 343 2661 466 2727; x_wconf 88' lang='lat' dir='ltr'><strong>quantum</strong></span> <span class='ocrx_word' id='word_1_227' title='bbox 484 2675 570 2712; x_wconf 84' lang='lat' dir='ltr'><strong>ames:</strong></span> <span class='ocrx_word' id='word_1_228' title='bbox 589 2658 635 2712; x_wconf 84' lang='lat' dir='ltr'><strong>aed</strong></span> <span class='ocrx_word' id='word_1_229' title='bbox 653 2659 710 2724; x_wconf 90' lang='lat' dir='ltr'><strong>hoc,</strong></span> <span class='ocrx_word' id='word_1_230' title='bbox 722 2658 790 2729; x_wconf 87' lang='lat' dir='ltr'><strong>quod</strong></span> <span class='ocrx_word' id='word_1_231' title='bbox 808 2659 870 2713; x_wconf 91' lang='lat' dir='ltr'><strong>mihi</strong></span> <span class='ocrx_word' id='word_1_232' title='bbox 888 2657 941 2713; x_wconf 92' lang='lat' dir='ltr'><strong>dixi</strong></span> <span class='ocrx_word' id='word_1_233' title='bbox 958 2658 1047 2725; x_wconf 84' lang='lat' dir='ltr'><strong>videri,</strong></span> <span class='ocrx_word' id='word_1_234' title='bbox 1060 2658 1131 2731; x_wconf 86' lang='lat' dir='ltr'><strong>quale</strong></span> 
     </span>
     <span class='ocr_line' id='line_1_32' title="bbox 333 2733 1131 2809; baseline 0.005 -22"><span class='ocrx_word' id='word_1_235' title='bbox 333 2734 390 2789; x_wconf 76' lang='lat' dir='ltr'><strong>alt:</strong></span> <span class='ocrx_word' id='word_1_236' title='bbox 407 2733 440 2792; x_wconf 89' lang='lat' dir='ltr'><strong>de</strong></span> <span class='ocrx_word' id='word_1_237' title='bbox 460 2752 492 2792; x_wconf 88' lang='lat' dir='ltr'><strong>eo</strong></span> <span class='ocrx_word' id='word_1_238' title='bbox 511 2753 528 2791; x_wconf 92' lang='lat' dir='ltr'><strong>a</strong></span> <span class='ocrx_word' id='word_1_239' title='bbox 546 2738 572 2791; x_wconf 88' lang='lat' dir='ltr'><strong>te</strong></span> <span class='ocrx_word' id='word_1_240' title='bbox 590 2734 716 2809; x_wconf 84' lang='lat' dir='ltr'><strong>disputari</strong></span> <span class='ocrx_word' id='word_1_241' title='bbox 731 2734 795 2790; x_wconf 84' lang='lat' dir='ltr'><strong>volo.</strong></span> <span class='ocrx_word' id='word_1_242' title='bbox 831 2735 869 2789; x_wconf 92' lang='grc' dir='ltr'><strong>Μ.</strong></span> <span class='ocrx_word' id='word_1_243' title='bbox 890 2736 989 2805; x_wconf 88' lang='lat' dir='ltr'><strong>Nempe</strong></span> <span class='ocrx_word' id='word_1_244' title='bbox 1006 2753 1088 2805; x_wconf 84' lang='lat' dir='ltr'><strong>uagas</strong></span> <span class='ocrx_word' id='word_1_245' title='bbox 1101 2733 1131 2790; x_wconf 89' lang='lat' dir='ltr'><strong>ad</strong></span> 
     </span>
    </p>

    <p class='ocr_par' dir='ltr' id='par_1_4' title="bbox 319 2810 1136 2892">
     <span class='ocr_line' id='line_1_33' title="bbox 319 2810 1136 2892; baseline -0.002 -26"><span class='ocrx_word' id='word_1_246' title='bbox 319 2810 401 2871; x_wconf 82' lang='lat' dir='ltr'><strong>beate</strong></span> <span class='ocrx_word' id='word_1_247' title='bbox 414 2816 558 2876; x_wconf 69' lang='lat' dir='ltr'><strong>vivendum</strong></span> <span class='ocrx_word' id='word_1_248' title='bbox 571 2818 639 2876; x_wconf 84' lang='lat' dir='ltr'><strong>satis</strong></span> <span class='ocrx_word' id='word_1_249' title='bbox 651 2834 731 2892; x_wconf 79' lang='lat' dir='ltr'><strong>posse</strong></span> <span class='ocrx_word' id='word_1_250' title='bbox 741 2814 883 2872; x_wconf 73' lang='lat' dir='ltr'><strong>uirtuteml</strong></span> <span class='ocrx_word' id='word_1_251' title='bbox 906 2812 1136 2880; x_wconf 47' lang='lat' dir='ltr'><strong>mammaeae,</strong></span> 
     </span>
    </p>
   </div>
   <div class='ocr_carea' id='block_1_3' title="bbox 301 2882 1144 2970">
    <p class='ocr_par' dir='ltr' id='par_1_5' title="bbox 301 2882 1144 2970">
     <span class='ocr_line' id='line_1_34' title="bbox 301 2882 1144 2970; baseline -0.033 -10"><span class='ocrx_word' id='word_1_252' title='bbox 301 2885 347 2945; x_wconf 79' lang='lat' dir='ltr'><strong>M-</strong></span> <span class='ocrx_word' id='word_1_253' title='bbox 373 2893 476 2958; x_wconf 72' lang='lat' dir='ltr'><strong>curer</strong></span> <span class='ocrx_word' id='word_1_254' title='bbox 491 2899 530 2959; x_wconf 71' lang='lat' dir='ltr'><strong>aa</strong></span> <span class='ocrx_word' id='word_1_255' title='bbox 551 2904 639 2970; x_wconf 66' lang='lat' dir='ltr'><strong>rea,</strong></span> <span class='ocrx_word' id='word_1_256' title='bbox 652 2882 1144 2962; x_wconf 50' lang='lat' dir='ltr'><strong>nolueramuuuauamu</strong></span> 
     </span>
    </p>
   </div>
   <div class='ocr_carea' id='block_1_4' title="bbox 0 0 1331 3367">
    <p class='ocr_par' dir='ltr' id='par_1_6' title="bbox 0 0 1331 3367">
     <span class='ocr_line' id='line_1_35' title="bbox 0 0 1331 3367; baseline 0 0"><span class='ocrx_word' id='word_1_257' title='bbox 0 0 1331 3367; x_wconf 95' lang='lat' dir='ltr'><strong> </strong></span> 
     </span>
    </p>
   </div>
  </div>
 </body>
</html>
