2634 3367
502 340 569 388 LlB.
583 340 602 388 l.
632 341 707 389 CAP.
721 343 792 388 2-4.
1023 343 1037 389 3

240 451 360 522 preclare
369 451 490 506 cecinisse
500 450 608 505 dieitur:
627 450 859 521 Themistoclesque
869 450 965 522 aliquot
977 456 1037 508 eote

241 527 322 591 annis,
336 546 414 598 quum
432 526 459 581 in
476 525 558 596 epulis
577 533 705 582 recusaret
722 526 926 598 lyronr,l1ebitua
942 533 982 582 est
999 529 1037 583 in·

241 604 347 658 doctior.
373 603 443 674 Ergo
455 603 481 657 in
491 603 589 657 Graecia
598 603 688 658 musici
697 604 846 670 floruerunt,
856 602 1036 675 discebantque

241 679 268 735 id
285 698 389 746 omnes3
412 698 467 743 nec,
487 680 530 750 qui
551 679 687 748 nesciebat,
706 681 768 736 satis
786 680 902 735 excultus
921 678 1037 737 doctrina

241 756 388 826 putabatur.
426 756 460 810 In
483 773 582 810 summo
606 755 674 826 opud
697 756 753 811 illos
778 756 873 811 honore
896 756 1059 827 geometriat

241 832 309 887 fuit:
328 833 414 903 itaque
426 832 489 887 nihil
505 832 691 887 mathematicis
708 831 839 887 illustrius.
876 834 912 887 nt
924 850 971 887 nos
983 851 1035 887 me·

241 908 323 964 tiendi
332 909 548 979 ratiocinandique
558 908 669 964 utilitate
681 909 759 979 hujus
771 910 833 965 artis
843 909 1034 964 terminavimus

242 985 355 1041 modum.

276 1062 330 1117 HL
348 1063 385 1116 At
402 1064 491 1116 contra
508 1064 633 1116 oratorem
652 1061 769 1117 celeriter
787 1061 911 1129 compleri
931 1079 1034 1117 sumus:

240 1156 290 1204 nec
307 1156 365 1193 eum
383 1138 464 1209 primo
480 1137 616 1203 eruditum,
629 1143 716 1208 aptum
734 1141 820 1192 tamen
836 1137 868 1191 ad
884 1138 1034 1204 dicendum3

240 1219 300 1285 post
316 1219 401 1269 autern
419 1213 557 1268 eruditum.
593 1213 660 1268 Nam
682 1212 795 1280 Galbam,
808 1213 963 1278 Africanum,
980 1214 1034 1269 Lae·

239 1290 302 1345 lium
313 1290 401 1346 doctos
413 1290 493 1345 fuisse
505 1290 627 1345 traditum
640 1295 695 1346 est:
715 1289 857 1345 studiosum
870 1294 955 1343 eutem
967 1308 1032 1356 enm,

240 1368 286 1437 qui
302 1367 343 1422 his
361 1371 436 1422 aetate
454 1366 576 1430 anteibat,
590 1367 728 1422 Catonem:
753 1371 812 1437 post
825 1384 885 1421 vero
899 1367 1032 1437 Lepidum,

240 1443 390 1511 Carbonem,
415 1444 560 1498 Gracchos:
590 1443 649 1499 inde
672 1444 710 1499 ita
733 1462 838 1515 magnos
864 1449 976 1498 nostrum
1002 1444 1033 1499 ad

239 1524 350 1587 aetatem,
363 1528 394 1575 ut
411 1538 463 1575 non
478 1520 587 1574 multum
604 1525 649 1575 aut
665 1520 728 1575 nihil
740 1521 842 1575 omnino
855 1520 949 1576 Grecis
961 1520 1034 1575 cede·

238 1600 320 1651 retur.
357 1596 520 1667 Philosophia
534 1596 617 1666 jacuit
634 1616 716 1668 usque
734 1597 765 1651 ad
782 1597 846 1652 hanc
862 1602 971 1662 atatem,
987 1614 1033 1653 neo

238 1672 319 1728 ullum
338 1672 426 1727 habuit
444 1672 531 1727 lumen
548 1672 679 1729 literarum
698 1674 864 1739 Latinarum3
889 1692 945 1744 quae
963 1673 1033 1728 illus·

237 1749 331 1803 tranda
342 1759 369 1804 et
381 1749 515 1805 excitanda
527 1747 600 1805 uobis
612 1755 659 1815 est,
673 1755 710 1815 ut,
725 1750 746 1805 si
759 1750 876 1820 occupati
891 1750 1033 1821 profuimus

237 1825 335 1897 aliquid
352 1826 450 1881 civibus
471 1825 574 1892 nostris,
595 1827 722 1897 prosimus
742 1827 828 1891 etiam,
847 1826 869 1880 si
890 1844 1031 1896 possumus,

237 1902 323 1957 otiosi.
359 1902 393 1957 In
407 1920 457 1973 quo
473 1919 504 1956 eo
522 1902 602 1972 magis
618 1902 691 1957 nobis
708 1906 748 1957 est
765 1901 951 1967 elaborandum,
965 1901 1055 1973 qundo

237 1978 314 2033 multi
323 1978 375 2050 jam
384 1996 440 2033 esse
450 1978 533 2033 Latini
545 1978 603 2033 libri
613 1978 733 2034 dicuntur
742 1978 830 2048 scripti
840 1978 1030 2045 inconsiderate,

237 2054 272 2110 ab
292 2055 395 2127 optimis
416 2054 466 2110 illis
487 2054 589 2125 quidem
609 2054 679 2120 viris,
698 2054 743 2109 sed
762 2071 814 2108 non
835 2054 897 2107 satis
918 2055 1031 2111 eruditis.

237 2132 307 2196 Fieri
325 2140 409 2187 eutem
428 2135 522 2203 potest,
540 2135 571 2185 ut
588 2135 658 2186 recte
675 2130 732 2201 quis
751 2130 852 2195 sentiat,
869 2135 895 2185 et
913 2130 946 2196 id,
964 2131 1032 2202 quod

237 2208 326 2273 sentit,
345 2207 423 2278 polite
445 2206 528 2278 eloqui
547 2225 599 2261 non
621 2207 718 2278 possit:
743 2206 789 2263 aed
809 2207 926 2263 mandare
945 2226 1032 2278 quem-

237 2303 313 2355 quam
332 2284 413 2340 literis
431 2284 598 2354 cogitationes
617 2302 684 2349 suas,
704 2284 747 2356 qni
766 2302 808 2339 eas
826 2303 873 2340 neo
891 2284 1030 2355 disponere,

236 2378 286 2416 nec
307 2361 435 2416 illustrare
455 2360 545 2431 possit,
567 2378 614 2415 nee
635 2360 803 2417 delectatione
827 2361 910 2432 aliqua
933 2361 1032 2416 allicere

236 2437 367 2503 lectorem,
384 2436 494 2492 hominis
512 2440 552 2491 est
570 2437 773 2508 intemperautur
789 2436 917 2494 abutentis
935 2443 961 2492 et
979 2439 1032 2493 otio

236 2522 265 2570 et
278 2513 365 2569 literis.
402 2514 494 2584 Itaque
506 2531 566 2567 suos
581 2513 658 2569 libros
676 2514 725 2583 ipsi
736 2513 825 2585 legunt
838 2532 895 2569 cum
912 2514 972 2577 suis,
986 2531 1032 2569 neo

236 2590 373 2662 quisquam
394 2590 501 2661 attingit
522 2594 615 2660 practer
635 2608 687 2657 eos,
709 2590 753 2660 qui
774 2589 886 2645 eamdem
905 2589 1033 2644 licentiam

236 2667 365 2723 scribendi
374 2666 422 2721 sibi
434 2666 548 2738 permitti
556 2665 654 2722 volunt.
680 2666 766 2725 Quare
778 2666 804 2720 si
813 2665 916 2736 alicuid
921 2663 1050 2740 protomus

234 2743 320 2800 laudis
333 2747 422 2798 nostra
433 2742 564 2799 attulimus
582 2742 723 2813 industrie,
735 2742 825 2801 multo
836 2738 993 2799 studiosius
1007 2732 1073 2797 pux-

231 2820 355 2887 lorophiae
361 2819 446 2874 dentes
454 2821 613 2893 aperiemus,
625 2844 642 2883 c
653 2825 757 2901 quibus
765 2822 855 2881 etium
865 2800 1121 2912 mmmsspmbie

253 2890 274 2942 Ῑ
279 2892 302 2945 V⁶
320 2892 379 2961 &d
396 2900 426 2952 ut
435 2898 617 2977 Aristoteles,
632 2907 678 2965 vir
696 2920 819 2965 summo
835 2891 973 2968 'mum‘
984 2884 1073 2933 ξω

1117 3075 1125 3104 l
