2634 3367
484 331 553 382 LIB.
563 332 595 382 V.
617 333 692 383 CAP.
704 336 743 393 88,
754 335 794 384 89.
991 335 1037 383 19⁶

237 441 341 499 carita
357 440 450 513 quibus
465 442 570 498 tandem
587 447 658 499 caret
669 441 864 514 voluptatibus?
884 460 962 514 quum
981 444 1038 514 qui-

236 517 297 572 dam
309 519 385 573 etiam
395 518 534 588 disputent,
545 527 643 576 ceteras
652 520 796 591 voluptates
807 520 835 573 in
846 519 908 589 ipsis
920 518 1036 573 habitare

238 595 372 649 semibus:
391 614 448 665 que
460 601 545 651 autem
561 600 667 667 aspectu
683 596 862 667 percipiantur,
875 613 905 650 ea
919 613 971 649 non
982 613 1037 650 ver·

237 671 290 726 sari
301 671 329 725 in
340 671 470 726 oculorum
482 672 534 726 ulla
542 672 719 742 jucunditate:
738 676 769 725 ut
781 689 818 737 ca,
828 689 884 740 quae
894 676 1035 742 gustemus,

237 748 392 813 olfaciamus,
414 752 562 814 tractemus,
582 748 721 812 audiamus,
740 748 816 802 inea
835 748 898 818 ipsa,
916 747 961 802 ubi
980 765 1037 802 sen·

237 824 324 887 timus,
338 829 411 894 parte
423 828 572 890 versentur3
591 824 618 878 in
634 823 715 878 oculis
731 823 783 878 tale
800 823 863 877 nihil
875 824 919 889 tit;
938 823 1037 877 animus

238 899 339 968 accipit,
363 918 419 969 quae
443 900 567 956 videmus.
612 899 705 953 Animo
733 904 819 953 autem
844 898 931 953 multis
955 898 1037 952 modis

238 976 365 1044 variisque
377 975 498 1030 delectari
509 976 576 1040 lieet,
590 975 667 1029 ctiam
683 973 704 1029 si
722 992 774 1029 non
789 974 939 1029 adhibeatur
951 992 1038 1044 aspec-

238 1058 290 1106 tus.
325 1052 431 1122 Loquor
451 1054 519 1108 enim
539 1052 571 1107 de
592 1052 668 1106 docto
692 1048 793 1105 homine
814 1054 840 1105 et
865 1048 973 1118 erudito,
995 1050 1038 1104 cui

238 1128 324 1183 vivere
348 1132 388 1183 est
412 1130 534 1199 cogitare.
577 1128 705 1199 Sapientis
728 1130 815 1182 autem
839 1126 962 1196 cogitatio
986 1143 1038 1180 non

239 1205 319 1258 ferme
348 1204 381 1259 ad
406 1204 612 1276 investigandum
641 1203 745 1258 adhibet
774 1201 862 1257 oculos
892 1202 1037 1256 advocatos.

239 1281 343 1335 ‘iterim
360 1282 381 1336 si
397 1300 451 1336 nox
462 1300 515 1336 non
527 1280 616 1335 adimit
628 1281 706 1333 vitam
720 1278 829 1343 beatam,
843 1296 888 1333 cur
900 1278 954 1332 dies
968 1278 1039 1331 nocti
1049 1287 1094 1332 112

245 1353 329 1411 sinilia
353 1356 468 1411 adimat?
504 1356 571 1411 Nam
601 1354 664 1409 illud
688 1354 820 1425 Antipatri
844 1353 975 1425 (tyreneici
998 1357 1039 1408 est

245 1426 341 1496 quidam
366 1432 451 1502 paullo
472 1432 613 1495 obscenius,
635 1430 682 1485 sed
704 1448 757 1484 non
780 1429 890 1485 absurda
913 1430 1040 1484 sententia

245 1506 300 1557 est:
320 1512 390 1576 cujus
408 1509 548 1563 cecitatem
567 1525 645 1578 quum
662 1505 816 1561 muliercula
832 1505 1038 1571 lamentarentur,

247 1579 322 1645 Quid
336 1584 436 1649 wirla?
460 1584 558 1655 inquit:
583 1602 620 1637 aa
636 1582 705 1636 cobis
718 1585 795 1636 calla
807 1582 910 1636 videtur
921 1583 1040 1653 voluptas

243 1672 294 1707 ease
313 1659 461 1714 eoduma?
497 1660 609 1730 Appium
630 1658 734 1728 quidem
755 1661 867 1714 veterem
891 1658 971 1726 illum,
994 1659 1039 1728 qui

244 1746 326 1784 caecus
339 1748 416 1787 annos
422 1735 516 1790 multos
525 1736 583 1800 fuit,
594 1737 620 1789 et
633 1752 667 1789 ex
676 1734 868 1805 magistratibus
881 1739 952 1789 etex
961 1734 1038 1789 rebus

243 1806 324 1874 gestis
345 1807 513 1879 intelligimus,
535 1812 563 1866 in
585 1811 629 1865 illo
650 1828 697 1865 suo
718 1827 779 1865 casu
803 1828 851 1865 nec
871 1811 971 1880 privato
990 1828 1038 1865 nec

244 1881 345 1951 publico
356 1886 455 1939 muneri
466 1888 582 1943 defuisse.
609 1888 636 1941 G.
645 1886 724 1940 Drusi
733 1886 836 1940 domum
848 1885 968 1956 compleri
979 1902 1039 1939 con-

243 1957 383 2013 sultoribus
394 1960 497 2015 solitam
506 1963 664 2034 accepimus:
685 1980 771 2032 quum,
786 1979 892 2030 quorum
909 1979 950 2015 res
962 1965 1039 2034 esset,

243 2033 347 2103 snaipsi
359 2036 543 2107 conridebant,
553 2057 647 2095 cacum
661 2037 813 2092 adhibebant
823 2036 919 2091 ducem.
946 2036 1038 2091 Pueris

241 2109 385 2173 robiaco.
401 2111 518 2168 Aufidius
536 2115 669 2183 pretorius
687 2117 713 2168 et
732 2114 759 2167 in
777 2116 868 2167 senatu
885 2113 1038 2166 sententiam

242 2184 350 2251 dicebat,
369 2205 417 2242 nec
437 2190 524 2244 amicis
545 2189 742 2245 deliberantibus
762 2188 856 2253 deerat,
875 2193 902 2243 et
921 2188 1038 2243 Graecum

242 2261 369 2317 scribebat
382 2262 513 2318 historiam
526 2268 553 2319 et
565 2266 666 2321 videbat
678 2266 705 2320 in
717 2265 805 2319 literis.

276 2339 398 2393 XXXIX.
417 2340 545 2395 Diodotus
564 2342 664 2397 Stoicus
682 2358 764 2396 caecus
779 2340 874 2395 multos
886 2357 965 2394 annos
980 2356 1037 2395 nos·
1048 2356 1093 2401 lla

241 2416 288 2469 trae
301 2413 370 2468 domi
382 2416 455 2470 vixit.
483 2418 510 2469 Is
522 2435 590 2485 vero,
602 2418 671 2489 quod
683 2416 801 2473 credibile
813 2417 858 2471 vix
870 2419 945 2484 esset,
958 2434 1037 2487 quum

240 2491 268 2545 iu
284 2489 444 2562 philosophia
459 2492 541 2547 multo
554 2494 630 2550 etiam
646 2494 728 2565 magis
741 2493 850 2560 assidue,
862 2512 937 2560 quem
954 2496 1035 2557 antea,

240 2573 393 2631 versaretur,
407 2571 434 2622 et
452 2586 531 2637 quum
550 2569 641 2624 fidibus
659 2569 878 2640 Pythagoreorum
896 2585 965 2622 more
981 2571 1037 2621 ute·

241 2647 321 2705 retur,
334 2662 463 2715 quumque
475 2646 499 2699 ei
515 2646 573 2700 libri
588 2650 678 2700 noctes
694 2649 721 2700 et
733 2646 787 2700 dies
803 2645 962 2715 legerentur3
981 2645 1037 2713 qui-

241 2719 289 2776 bus
305 2719 332 2773 in
347 2719 439 2774 studiis
451 2721 532 2775 oculis
543 2739 595 2775 non
607 2720 714 2789 egebat:
733 2725 796 2788 tum,
810 2719 878 2791 quod
889 2720 943 2774 sine
956 2720 1036 2774 oculis

240 2794 296 2849 fieri
311 2813 386 2864 posse
398 2795 443 2849 rix
454 2796 563 2860 videtur,
576 2795 722 2866 geometria
734 2814 827 2849 munus
840 2795 968 2860 tuebatur,
981 2814 1036 2850 ver·

240 2871 280 2925 bis
296 2872 452 2943 praecipiens,
465 2871 630 2936 discentibus,
646 2871 722 2939 unde,
735 2888 786 2942 quo
802 2888 929 2943 quamque
943 2871 1036 2929 lineam
