2634 3367
439 332 507 382 tls.
521 332 557 381 11.
586 333 660 381 cAP.
677 335 700 389 7,
713 335 735 382 8.
956 336 986 383 69

203 461 245 498 nm
255 460 314 498 esso
330 445 431 513 negant,
445 461 496 497 nou
508 442 590 497 solent
602 441 693 508 dicere,
706 443 822 513 cuiquam
840 461 918 498 suave
930 462 986 499 esse

204 519 314 574 ruciari:
339 536 464 590 asperum,
486 517 595 586 difficile,
615 519 739 582 odiosum,
760 525 848 573 contra
868 526 985 574 naturum

204 595 288 662 icant,
308 612 356 650 neo
376 600 461 651 tamen
481 594 583 649 malum.
621 596 681 661 Hic,
701 596 744 666 qui
765 613 815 650 non
835 595 916 650 solum
937 596 984 651 hoc

204 670 286 726 salum
303 670 372 735 dicit,
386 670 431 726 sed
448 671 571 725 malorum
588 671 700 725 onmium
719 675 868 739 extremum,
887 673 983 743 sapien·

203 765 242 802 sm
260 751 349 802 censet
361 746 387 801 id
400 765 476 803 suave
488 747 624 801 dicturum.
655 747 712 817 Ego
728 766 744 801 a
761 753 787 803 te
805 765 857 802 non
874 748 982 819 postulo,
995 763 1024 810 η

207 827 220 878 t
236 822 351 878 dolorem
368 822 461 878 eisdem
478 822 561 878 verbis
579 823 680 888 afficias,
694 823 784 895 quibus
803 824 928 893 Epicurus
941 843 984 879 vo·

204 903 324 969 aptatam,
339 900 422 965 homo,
433 904 463 954 ut
479 900 537 967 scis,
550 899 715 968 voluptarius.
752 900 800 955 Illo
816 900 908 956 dixerit
924 919 984 955 sune

204 975 259 1031 lem
271 975 298 1030 in
309 974 451 1030 Phalaridis
463 980 544 1041 tauro,
558 975 633 1046 quod,
646 978 669 1030 si
682 979 750 1030 esset
761 977 789 1031 in
800 976 900 1032 lectulo.
928 977 984 1047 Ego

204 1056 291 1107 antam
308 1052 359 1107 vim
377 1070 430 1107 non
450 1051 536 1107 tribuo
553 1052 662 1120 sapienti
683 1056 771 1107 contra
788 1051 907 1108 dolorem.
945 1054 984 1107 Sit

204 1127 266 1183 ortis
277 1128 305 1183 in
316 1127 480 1198 perferendo:
499 1128 581 1183 officio
592 1128 656 1183 satis
670 1132 725 1183 est:
744 1132 774 1182 ut
786 1128 887 1183 laetetur
899 1130 982 1195 etiam,

204 1221 242 1259 on
263 1204 373 1274 postulo.
407 1204 499 1259 Tristis
520 1204 587 1258 enim
605 1222 646 1258 res
664 1208 704 1258 est
720 1203 775 1259 sine
790 1203 874 1271 dubio,
887 1222 983 1275 aspera,

205 1300 284 1347 imma,
302 1281 404 1336 inimica
425 1285 532 1345 naturas,
550 1280 582 1335 ad
605 1280 752 1351 patiendum
776 1280 984 1353 tolerandumque

204 1357 306 1413 lfficilis.
342 1357 435 1427 Aspice
456 1357 641 1411 Philoctetam:
668 1357 710 1412 cui
733 1356 920 1413 concedendum
944 1365 982 1413 est
993 1359 1022 1407 19

204 1433 310 1497 ementi.
347 1434 436 1503 ipsum
452 1433 517 1488 enim
536 1434 672 1488 Herculem
687 1433 783 1490 viderat
799 1435 826 1489 in
838 1434 899 1489 OEta
913 1452 983 1504 mag·

204 1509 307 1564 u'tudins
322 1507 436 1563 dolorum
453 1509 598 1579 ejulantem.
635 1510 708 1564 Nihil
723 1511 803 1581 igitur
818 1512 885 1565 huuc
902 1510 982 1565 virum

204 1586 300 1657 agittoe,
320 1603 383 1655 quas
400 1586 432 1642 ab
451 1585 563 1641 Hercule
580 1591 719 1657 acceperat,
737 1594 792 1643 tum
813 1587 983 1655 consolantur,

207 1681 268 1717 uum

204 1727 207 1734 ⁴
255 1756 269 1789 e
280 1740 387 1802 viperino
399 1743 481 1789 morsu
493 1757 560 1789 venae
572 1744 693 1790 viscerum

254 1814 348 1859 veneno
359 1812 458 1859 imbutae
470 1819 551 1859 taetros
562 1811 682 1860 cruciatus
693 1812 764 1859 cient.

206 1898 285 1965 taque
297 1894 421 1950 exclamat
433 1895 552 1951 auxilium
565 1900 697 1968 expetens,
709 1895 773 1951 mori
785 1895 904 1966 cupiens:

256 1990 327 2037 Haut
345 1992 400 2052 quis
411 1990 480 2037 salsis
491 1991 599 2039 fluctibu’
612 1991 710 2038 mandet

231 2120 236 2129 ι
254 2074 295 2107 me
307 2074 337 2107 ex
348 2058 452 2108 sublimo
464 2058 552 2109 vertice
562 2062 631 2109 sarrit

254 2131 361 2191 Jsmjam
372 2132 496 2187 tbsumor3
515 2129 614 2179 coniicit
623 2131 729 2179 animam

287 2202 324 2248 vis
335 2201 447 2259 volneris,
457 2203 545 2250 ulceris
557 2209 639 2250 aestus.

205 2283 301 2339 ›iffiosse
314 2283 385 2338 dictu
397 2283 506 2349 videtur,
519 2302 577 2339 eum
593 2302 645 2338 non
660 2284 688 2338 in
699 2282 765 2338 malo
777 2300 840 2352 esso,
852 2289 878 2338 et
892 2300 982 2355 magno

206 2360 301 2424 uidem,
314 2360 357 2430 qui
369 2360 406 2414 ila
417 2360 524 2415 clamare
536 2365 649 2431 cogatur.

223 2436 305 2490 VIII.
325 2435 375 2491 Sed
384 2434 512 2491 videamus
523 2437 660 2491 Herculem
673 2437 763 2507 ipsum,
774 2437 817 2508 qui
829 2442 883 2492 tum
897 2438 1022 2494 dolorem

205 2510 364 2581 iungebantur,
388 2531 467 2583 quum
490 2513 706 2568 immortalitatem
729 2514 785 2583 ipsa
810 2518 891 2569 morte
915 2533 982 2585 quae-

205 2589 270 2643 ebat.
309 2590 377 2652 Quas
395 2588 436 2642 hic
454 2606 528 2643 voces
546 2588 614 2658 apud
632 2588 781 2659 Sophoclem
799 2590 825 2643 in
843 2591 982 2645 Trachiniis

205 2665 262 2719 dit!
288 2664 337 2718 Cui
355 2682 433 2733 quum
453 2665 575 2734 Dejanira
592 2666 716 2735 sanguine
736 2666 857 2719 Centauri
875 2666 982 2719 tinctam

205 2741 302 2797 unicam
316 2740 447 2805 induisset,
461 2741 652 2813 inhaesissetque
664 2760 695 2796 ea
706 2741 858 2806 uisceribus,
867 2740 978 2794 amillau

254 2844 364 2889 Omana
375 2844 442 2893 dictu
452 2847 544 2908 grevia,
557 2864 682 2915 perpessu
690 2852 792 2914 tepere,

239 2925 297 2971 ‹11¹oe
307 2915 410 2975 cdrpote
421 2921 565 2985 exaucltvi
580 2935 661 2990 acque
675 2925 766 2975 auimo
775 2916 889 2986 perium.
