2634 3367
280 346 294 389 2
416 344 613 393 TUSCULAN.
632 344 930 394 DISPUTATIONUM

278 455 354 508 etiam
378 454 517 525 disciplina.
552 456 610 509 Jam
634 456 685 521 illa,
710 475 767 527 quse
790 461 888 521 natura,
913 475 965 511 non
987 457 1067 511 literis

278 532 388 585 assecuti
402 540 470 597 sunt,
483 551 565 602 neque
577 551 634 586 cum
648 534 752 598 Groeciu,
766 552 847 604 neque
859 533 910 587 ulla
921 552 977 587 cum
991 538 1067 603 gente

278 613 338 661 sunt
351 608 508 662 conterende
545 610 610 667 Quae
626 609 693 664 enim
709 613 782 664 111111
796 610 915 680 gravitas,
928 628 984 680 quae
995 616 1065 665 111111

278 686 427 749 constantia,
446 685 595 755 magnitudo
613 686 697 750 animi,
716 686 836 756 probitas,
854 685 924 751 fides,
942 704 997 756 quse
1015 691 1067 740 tam

278 760 403 814 excellens
418 761 524 815 inomni
540 780 633 832 genere
645 762 727 816 virtus
741 763 768 816 in
782 761 840 817 ullis
852 762 910 824 fuit,
922 766 952 815 ut
965 762 998 816 sit
1010 780 1066 815 cum

255 836 416 906 &majoribus
433 830 527 892 nost'ris
546 838 732 908 comparanda?
767 838 892 892 Doctrina
908 838 1005 892 Graecia
1021 855 1067 892 nos

177 974 180 983 ¹
279 919 306 966 11
323 914 392 967 omni
403 913 533 967 literarum
548 932 641 983 genere
659 913 809 984 superabat:
828 915 916 985 inquo
929 914 1067 968 eratfacile

278 987 378 1043 vincere
399 1007 450 1044 non
470 994 649 1061 repugnantes.
686 990 754 1046 Nam
775 1009 853 1061 quum
878 989 945 1060 apud
966 990 1067 1043 Graecos

279 1066 482 1136 antiquissimum
500 1066 534 1120 sit
550 1085 564 1121 e
581 1066 663 1121 doctis
679 1085 759 1137 genus
775 1073 914 1137 poetarum,
928 1066 950 1119 si
966 1064 1067 1136 quidem

278 1142 407 1197 Homerus
422 1143 472 1197 fuit
488 1146 514 1197 11
527 1143 657 1197 Hesiodus
674 1147 733 1215 ante
749 1144 856 1198 Romam
873 1142 1007 1207 conditam,
1020 1143 1067 1197 Ar·

277 1219 408 1274 chilochus
417 1223 539 1290 regnante
548 1219 674 1285 Romulo;
693 1220 773 1274 serius
783 1220 908 1289 poeticam
917 1237 962 1273 nos
972 1218 1068 1287 accepi·

278 1314 350 1350 mus:
370 1296 441 1350 annis
454 1297 520 1350 enim
533 1296 586 1350 iere
598 1313 636 1350 nx
648 1300 707 1368 post
720 1297 826 1354 Romam
839 1295 966 1351 conditam
977 1295 1067 1349 Iiiuius

278 1370 389 1426 fabulam
401 1371 479 1435 dedit,
491 1372 532 1441 (Ο.
543 1371 657 1436 Claudio,
673 1372 740 1426 Caeci
751 1372 809 1437 filio,
824 1373 862 1426 M.
870 1372 996 1426 Tuditano
1006 1389 1068 1424 ‘con-

278 1447 384 1511 sulibus,
395 1465 460 1500 anno
472 1453 531 1502 ante
543 1451 631 1500 natum
643 1448 769 1502 Ennium:
790 1448 833 1518 qui
844 1448 894 1503 fuit
905 1451 985 1516 major
997 1456 1067 1514 natu,

279 1541 354 1593 quam
367 1522 495 1590 Plautus)
509 1526 535 1577 et
547 1522 661 1577 Naevius.

313 1598 352 1654 II.
372 1598 434 1653 Sero
445 1598 549 1669 igitura
560 1599 654 1652 nostris
666 1600 748 1668 poetar
756 1597 796 1653 vel
809 1597 905 1668 cogniti
913 1597 953 1652 vel
963 1598 1067 1667 recepti.

279 1672 439 1746 Quamquam
461 1674 548 1729 estin
569 1673 724 1744 Originibus,
747 1673 835 1729 solitos
860 1692 915 1727 esse
938 1673 965 1728 in
985 1674 1067 1744 epulis

279 1768 368 1805 canere
392 1750 509 1805 convivas
533 1750 565 1805 111
588 1749 717 1805 tibicinem
738 1747 770 1805 'dc
790 1748 914 1804 clarorum
938 1749 1067 1804 hominum

278 1825 433 1881 virtutibus:
461 1826 582 1881 honorem
605 1830 692 1880 tamen
715 1824 774 1879 huic
798 1824 885 1895 generi
907 1843 959 1879 uon
981 1826 1068 1893 fuisse,

280 1900 391 1956 declarat
411 1902 492 1956 oratio
514 1901 626 1967 Catonis,
645 1901 744 1971 inqua
766 1900 866 1971 objecit,
887 1905 916 1954 ut
940 1900 1068 1971 probrum,

280 1978 319 2031 M.
328 1977 458 2044 Nobiliori,
477 1977 544 2045 quod
564 1978 586 2032 is
610 1977 637 2032 in
659 1975 813 2047 provinciam
836 1980 924 2046 postas
945 1976 1068 2033 duxisset.

280 2052 397 2108 Duxerat
420 2059 506 2109 autem
529 2054 617 2109 consul
640 2054 683 2110 ille
706 2054 733 2107 in
756 2052 886 2120 AEtoliam,
909 2057 940 2108 ut
967 2055 1069 2118 scimus,

280 2128 400 2203 Ennium.
436 2130 496 2188 Quo
519 2130 602 2185 minus
626 2131 706 2201 igitur
726 2128 829 2183 honoris
850 2133 905 2183 erat
925 2130 1015 2200 poetis,
1038 2148 1069 2185 eo

280 2206 378 2281 minora
395 2205 481 2260 studia
494 2206 605 2260 fuerunt,
641 2207 698 2261 Nec
713 2209 806 2269 tamen,
820 2204 841 2258 si
858 2205 901 2275 qui
917 2206 1014 2276 mugnis
1030 2206 1069 2260 in-

281 2282 362 2351 geniis
383 2282 410 2337 in
428 2299 459 2336 eo
479 2300 571 2352 genere
589 2282 751 2345 exstiterunt,
771 2299 822 2335 non
842 2282 904 2335 satis
923 2282 1069 2337 Graecorum

257 2358 367 2428 4gloriae
391 2357 582 2427 responderunt.
618 2359 662 2413 An
685 2375 823 2423 censemus,
845 2356 867 2410 si
890 2356 976 2423 Fabio,
998 2358 1069 2412 nobi-

280 2434 376 2488 lissimo
393 2434 496 2500 homini,
512 2433 581 2487 laudi
599 2433 686 2487 datum
704 2438 779 2497 esset,
793 2432 861 2503 quod
879 2433 1001 2504 pingeret,
1019 2453 1070 2489 non

280 2510 374 2565 multos
387 2510 462 2563 etiam
477 2508 544 2579 apud
556 2527 602 2563 nos
614 2510 715 2563 futuros
728 2509 870 2580 Polycletos
883 2513 909 2563 et
922 2510 1069 2564 Parrhasios

281 2586 378 2641 fuisse?
415 2587 505 2640 Honos
526 2586 571 2639 alit
594 2589 669 2650 artes,
691 2602 827 2655 omnesque
847 2585 1017 2640 incenduntur
1038 2586 1070 2640 ad

281 2662 366 2716 studia
380 2662 460 2733 gloria
466 2685 474 2728 ;
491 2662 626 2732 jacentque
642 2680 672 2716 ea
688 2680 793 2732 semper,
806 2681 861 2732 quae
877 2661 944 2731 apud
957 2680 1070 2732 quosque

264 2737 457 2797 humabantur.
496 2739 627 2792 Summam
644 2738 810 2792 eruditionem
824 2737 905 2792 Gracci
922 2738 995 2791 sitam
1013 2756 1070 2792 cen·

245 2802 349 2889 reboat
369 2812 401 2863 in
425 2832 572 2871 neruorum
599 2836 748 2891 vocumque
771 2814 896 2871 cuntibus.
935 2813 1021 2882 igitur
1043 2818 1071 2867 et

245 2884 446 2955 mmm,
474 2894 616 2972 princeps,
642 2916 705 2958 meo
730 2887 1089 2973 11111111οΛὶι11111111111111
