2634 3367
297 338 330 387 74
435 326 945 384 Tuscorummsruru‘rlouuu

297 444 405 501 obsistat
417 444 504 499 dolori.
540 445 601 510 Qus
613 448 674 498 sunt
686 444 736 498 ista
747 444 835 498 armai
870 443 1015 511 contentio,
1027 462 1086 500 con·

297 522 413 586 firmatio,
435 538 567 591 sermoque
589 521 702 586 intimus,
724 539 802 590 quum
824 521 879 592 ipse
902 538 997 588 secum,
1018 523 1086 577 Cave

257 599 290 649 52
298 602 373 668 turpe
394 596 538 668 quidquam,
556 595 711 667 languidum,
729 615 781 651 non
798 596 876 651 virile.
913 596 1087 652 obversentur

298 675 394 745 species
411 674 525 729 honesta
542 673 639 728 animo:
659 674 727 728 Zeno
745 678 900 744 proponetur
917 672 1027 740 Eleates,
1043 674 1088 745 qui

298 768 432 821 perpessus
455 756 495 803 est
518 750 603 805 omnia
625 750 718 819 potius,
740 768 814 820 quam
838 749 951 804 conscios
975 748 1088 805 delendoe

297 825 438 897 tyrannidis
456 824 586 880 indicaret.
622 826 663 881 De
679 826 829 880 Anaxarcho
847 826 1003 881 Democritio
1020 827 1088 895 cogi·

298 906 376 967 tetur,
398 903 442 972 qui
462 920 541 973 quum
561 901 640 973 Cypri
659 902 687 956 in
710 919 799 956 manus
822 902 999 957 Nicocreontis
1020 902 1088 972 regis

298 978 436 1043 incidisset,
449 978 545 1033 nullum
561 996 642 1049 genus
657 977 773 1048 supplicii
786 976 934 1047 deprecatus
950 981 990 1032 est
1006 995 1089 1048 neque

280 1055 433 1119 recusavit.
469 1053 579 1108 calanus
603 1052 692 1118 Indus,
716 1052 834 1108 indoctus
858 1070 887 1108 ao
910 1052 1040 1117 barbarus,
1062 1052 1089 1106 iu

298 1130 425 1185 radicibus
437 1129 544 1186 Caucasi
559 1133 643 1194 natus,
656 1146 703 1183 sua
713 1128 845 1183 voluntate
856 1128 929 1182 vivus
941 1127 1090 1182 combustus

299 1211 347 1261 est.
383 1206 447 1272 Nos,
464 1208 486 1262 si
503 1224 548 1277 pes
566 1204 702 1270 condoluit,
722 1204 744 1258 si
762 1204 831 1268 dens,
849 1204 872 1257 si
888 1207 986 1258 tactum
1004 1202 1090 1258 dolore

300 1280 833 1412 {tituidtttdiiiuif'i0
845 1282 884 1368 u
896 1279 964 1409 tii
976 1278 1090 1426 didi}

299 1431 489 1502 inuoluptate.
512 1374 1090 1517 qna'qcumliquescimffidmusqusmol-

299 1505 362 1570 litia,
382 1507 436 1575 apis
455 1505 611 1561 aculeum
590 1524 645 1560 sius
665 1505 773 1561 clamore
791 1508 857 1562 ferre
876 1524 928 1562 non
947 1524 1091 1577 possumus.

261 1584 337 1636 terit
351 1582 456 1635 veroC.
468 1581 576 1645 Marius,
589 1580 769 1635 rusticanus
745 1600 791 1646 ιιι,
807 1581 852 1636 sed
868 1582 978 1652 plane
953 1601 999 1647 ιιι,
1013 1602 1092 1654 quum

300 1661 399 1712 secaret
399 1675 438 1724 ur,
454 1661 485 1711 ut
506 1674 583 1726 supra
603 1655 663 1724 dixi,
684 1657 807 1727 principio
827 1659 909 1712 vetuit
929 1677 958 1713 se
978 1658 1090 1730 alligari:

301 1751 348 1794 nec
359 1732 492 1803 quisquam
508 1738 567 1787 ante
583 1731 696 1786 Marium
712 1732 811 1788 solutus
823 1734 917 1789 dicitur
929 1753 984 1789 esse
996 1742 1091 1790 sectus

302 1809 425 1880 Gurergo
437 1806 595 1881 posteaalii?
618 1807 708 1863 Voluit
696 1808 857 1863 tauctoritas
830 1827 865 1864 as.
888 1809 1093 1883 Videsneigitur

302 1886 426 1959 opinionis
444 1904 507 1951 esse,
526 1902 577 1939 non
593 1888 692 1939 naturae
711 1884 822 1939 malum?
858 1886 893 1939 ut
911 1889 996 1941 tamen
1012 1886 1093 1942 fumes

303 1984 386 2021 acrem
409 1980 520 2018 morsum
545 1961 645 2027 doloris,
666 1959 732 2015 idem
755 1960 855 2015 Marius
878 1960 1006 2017 ostendit:
1034 1981 1093 2018 crus

303 2042 371 2096 euim
391 2040 498 2095 aiterum
517 2055 568 2093 non
585 2036 702 2108 praebuit.
738 2037 780 2091 Ita
798 2040 825 2091 et
846 2035 907 2090 tulit
925 2035 1044 2103 dolorem,
1063 2045 1093 2092 ut

304 2118 349 2182 vir,
366 2121 401 2181 et,
418 2120 448 2170 ut
468 2115 551 2179 homo,
568 2116 688 2182 majorem
705 2111 771 2167 ferre
789 2112 842 2166 sine
860 2129 936 2166 causa
953 2114 1094 2167 necessaria

303 2192 392 2247 nolint
427 2192 520 2246 'Ictum
538 2190 617 2260 igitur
633 2189 661 2243 in
677 2205 708 2243 eo
724 2192 771 2256 est,
784 2191 813 2242 ut
830 2187 878 2242 tibi
893 2187 1009 2257 imperes.
1047 2190 1094 2243 Os·

304 2265 374 2321 tendi
392 2270 485 2332 autem,
504 2264 572 2335 quod
591 2268 659 2319 esset
677 2262 816 2333 imperandi
836 2280 924 2333 genus,
943 2266 1020 2333 atque
1040 2264 1095 2318 hnc

304 2341 434 2411 cogitatio,
450 2339 510 2409 quid
526 2339 656 2409 patientis,
674 2338 736 2407 quid
751 2337 908 2402 fortitudine,
921 2338 982 2407 quid
999 2341 1095 2409 magui-

304 2418 394 2474 tudino
405 2417 482 2471 animi
493 2415 668 2486 dignissimum
684 2415 726 2479 sit,
739 2432 791 2469 non
806 2416 887 2470 solum
902 2415 1013 2469 animum
1026 2434 1095 2471 eom-

305 2492 399 2566 primit,
420 2491 465 2547 sed
485 2492 568 2563 ipsum
591 2491 668 2545 etiam
691 2490 810 2556 dolorem,
831 2491 915 2546 nescio
936 2509 987 2561 quo
1011 2496 1094 2563 pacto,

305 2570 430 2625 mitiorem
442 2567 511 2622 facit.

266 2659 298 2705 54
340 2645 445 2701 XXIII
463 2644 502 2699 Ut
519 2643 633 2698 enimfit
651 2642 678 2696 in
695 2641 789 2712 prelio,
804 2645 834 2697 ut
852 2641 959 2711 ignavus
977 2642 1049 2697 miles
1067 2660 1097 2697 ao

305 2723 417 2788 timidus,
434 2720 509 2777 simul
524 2738 554 2775 ac
566 2719 657 2774 viderit
674 2718 734 2773 host
722 2722 782 2783 t,em
798 2717 897 2788 abjecto
915 2720 988 2772 scuto
1004 2718 1095 2789 fngiat,

290 2805 421 2865 quantum
438 2798 532 2870 possit,
515 2795 590 2854 tob
614 2813 722 2869 eamque
745 2812 849 2851 causam
871 2798 958 2863 percat
981 2811 1097 2848 nonnun-

271 2887 362 2936 quam
379 2877 461 2931 euim
475 2877 586 2951 integro
598 2894 719 2951 corpore,
732 2891 813 2948 quum
825 2869 914 2941 dumis
922 2869 1034 2931 suum,
1040 2870 1108 2921 sium
