2634 3367
465 334 534 383 LIB.
545 334 597 382 111.
616 334 690 383 CAP.
702 334 741 390 21,
753 335 792 382 22.
980 332 1026 380 108

232 444 292 515 ligo
309 462 366 498 snm
383 444 413 511 is,
430 444 474 513 qni
491 444 572 499 dicam
590 463 630 499 me
647 461 699 500 non
716 444 836 508 laborare,
855 450 939 497 actum
957 442 1026 497 habi-

234 526 323 575 turum
344 518 412 590 quod
435 520 542 590 egerint.
578 520 648 579 Quid
672 521 758 575 enim?
789 519 820 574 dc
843 518 908 574 bello
929 519 1062 574 Punicotl

234 596 340 666 agitur?
367 595 399 649 de
417 613 467 666 quo
485 596 540 665 ipso
561 614 640 666 quum
660 596 728 650 aliud
748 595 785 650 M.
795 595 895 657 Catoni,
913 594 981 649 alind
998 594 1026 648 L.

233 671 347 726 Lentulo
359 670 495 737 videretur,
507 671 576 726 nulla
593 673 659 726 inter
678 690 721 726 eos
740 670 893 726 concertatio
909 687 1028 741 umquam

234 746 294 801 fnit.
329 746 368 801 Hi
383 747 458 800 nimis
475 746 595 801 iracunde
611 750 699 816 agunt,
712 746 851 817 prasertim
864 764 941 817 quum
954 745 985 799 ab
997 745 1027 799 iis

234 841 288 877 non
303 840 364 876 sane
382 822 495 876 animosa
506 822 654 877 defendatur
667 822 801 887 sententia,
814 840 859 892 pro
871 839 921 893 qne
934 838 985 875 non
1001 820 1028 874 in

236 901 335 962 senatu,
355 916 408 952 non
426 898 453 951 in
473 899 600 961 concione,
621 916 671 951 uon
693 896 760 967 apud
781 897 925 960 exercitum,
947 914 1028 966 neque

237 972 306 1043 apud
324 990 441 1028 censores
454 972 536 1028 dicere
554 972 671 1027 audeant.
709 972 758 1027 Sed
776 990 834 1027 cum
849 972 905 1027 istis
921 971 989 1036 slim,
1002 975 1028 1025 et

237 1067 269 1103 co
287 1049 388 1120 quidem
407 1049 497 1116 animo,
513 1049 610 1104 nullum
628 1057 658 1103 ut
676 1052 804 1104 certamen
820 1048 966 1102 instituam:
989 1065 1029 1101 ve·

237 1143 297 1179 rum
315 1122 457 1179 dicentibus
477 1124 550 1180 facile
570 1123 665 1179 cedam.
700 1124 810 1179 Tantum
828 1122 982 1178 admonebo:
1007 1123 1029 1177 si

238 1200 349 1255 maxime
360 1218 448 1255 rernm
465 1200 507 1268 sit,
519 1200 551 1254 ad
569 1217 660 1271 corpus
676 1199 759 1254 omnic
774 1197 868 1253 referre
882 1197 1028 1267 sapientem,

239 1276 301 1341 sive,
321 1278 352 1329 ut
371 1275 503 1330 honestius
524 1275 612 1340 dicam,
634 1274 697 1329 nihil
721 1274 809 1340 lacere,
830 1273 879 1327 nisi
897 1271 964 1343 quod
986 1290 1030 1326 ex·

240 1349 334 1421 pediat,
348 1350 401 1406 sive
413 1350 497 1405 omnia
507 1350 602 1405 referre
617 1350 649 1404 sd
662 1350 796 1405 utilitatem
808 1367 894 1404 suam:
913 1347 1030 1417 quoniam

241 1427 296 1481 haec
311 1426 451 1496 plausibilia
466 1444 517 1481 non
532 1429 601 1493 sunt,
613 1430 643 1481 ut
658 1425 686 1481 in
702 1427 760 1481 sinu
775 1425 910 1497 gaudeant,
923 1423 1030 1494 gloriose

242 1501 311 1572 loqui
323 1500 448 1556 desinam.

278 1576 368 1631 XXII.
387 1577 578 1648 Cyrenaicorum
589 1581 670 1633 restat
681 1576 821 1633 sententia:
840 1576 947 1646 quitum
959 1576 1030 1647 segui-
1037 1588 1068 1635 62

243 1650 359 1706 tudinem
370 1658 474 1708 censent
485 1654 614 1719 exsistere,
627 1654 650 1708 si
666 1652 826 1724 necopinato
838 1651 899 1721 quid
911 1652 1030 1707 evenerit.

243 1729 293 1783 Est
311 1727 337 1782 id
355 1727 455 1799 quidem
472 1747 598 1799 magnum,
616 1733 646 1784 ut
665 1747 742 1799 supra
760 1727 818 1783 dixi.
855 1727 940 1782 Etiam
953 1727 1033 1797 Chry-

244 1804 928 1935 {tltttlttltlatultltllttttl
947 1800 1033 1948 illd

246 1972 320 2025 quam
342 1954 454 2009 hostium
474 1973 564 2025 repens
584 1955 708 2011 adventus
728 1954 809 2024 magis
829 1952 956 2023 aliquanto
977 1969 1034 2006 oon·

245 2029 342 2093 turbat,
362 2048 435 2100 quam
453 2034 629 2101 exspectatus:
651 2034 678 2086 et
695 2031 771 2084 maris
789 2028 873 2083 subita
889 2030 1034 2097 tempestas,

246 2124 324 2176 quam
341 2110 400 2160 ante
418 2106 525 2176 provisa,
537 2110 617 2162 terret
634 2105 783 2175 navigantes
799 2102 987 2159 vehementius:
1009 2108 1035 2157 et

246 2180 371 2250 ejusmodi
387 2184 447 2236 sunt
464 2181 590 2252 pleraque.
626 2180 678 2236 Sed
690 2198 767 2251 quum
779 2178 913 2249 diligenter
924 2194 971 2232 nec
982 2178 1036 2247 opi-

246 2260 365 2310 natarum
383 2261 501 2311 naturum
518 2256 668 2322 consideres,
687 2255 750 2310 nihil
767 2254 835 2310 aliud
853 2254 969 2325 reperias,
987 2254 1037 2308 nisi

246 2331 332 2386 omnia
343 2331 422 2386 videri
434 2332 518 2387 subita
529 2336 640 2403 majora:
662 2336 688 2387 et
700 2331 801 2403 quidem
812 2330 846 2386 ob
857 2330 920 2385 duas
932 2348 1036 2385 musas:

247 2407 365 2478 primum,
377 2408 452 2477 quod,
467 2412 562 2480 quanta
579 2408 630 2463 sint
649 2425 706 2478 qum
723 2406 847 2473 accidunt,
865 2405 1038 2462 considerandi

247 2483 359 2553 spatium
383 2501 435 2537 non
458 2482 547 2538 datur:
572 2482 663 2537 deinde
684 2501 762 2553 quum
781 2481 882 2536 videtur
905 2480 1040 2551 precarem

247 2558 371 2629 potuisse,
384 2558 407 2613 si
421 2560 550 2630 provisum
561 2562 637 2624 esset,
651 2558 724 2629 quasi
735 2557 809 2627 culpa
820 2560 978 2612 contractum
990 2573 1040 2611 ms-

248 2635 302 2690 lum
321 2635 496 2705 egritudinem
516 2635 637 2689 acriorem
656 2634 726 2689 facit.
762 2633 840 2693 Quod
860 2633 898 2688 ita
915 2651 970 2687 esse
988 2631 1079 2690 diasat

249 2710 376 2766 declarat:
403 2729 458 2780 quc
476 2710 613 2781 procedens
630 2711 668 2764 ita
685 2710 793 2780 mitigat,
806 2716 844 2774 ut,
863 2708 952 2762 iisdem
970 2706 1042 2760 malis

249 2786 419 2850 manentibus,
437 2805 489 2841 non
507 2786 581 2841 modo
600 2785 710 2841 leniatur
731 2783 871 2857 egritudo,
885 2782 938 2834 seu
948 2782 989 2831 'un
998 2781 1061 2853 pue

246 2862 334 2930 risque
354 2861 464 2918 tollatur.
501 2864 746 2939 Karthaginienses
769 2858 973 2919 multidinum
995 2858 1086 2898 sensn-
