2634 3367
300 328 331 375 26
436 327 631 374 TUSCULAN.
649 326 944 374 DlsPUTa'moNUM

299 436 412 490 inventio
428 438 504 505 atque
520 434 674 505 excogitatio
686 434 798 489 dicitur?
822 435 863 489 Ex
879 435 958 491 hacne
974 434 1022 490 tibi
1037 441 1087 491 ter-

300 507 367 566 rena*
372 511 523 581 mortalique
538 515 630 565 natura
641 512 668 565 et
686 510 780 565 caduca
792 515 910 566 concreta
927 529 957 565 ea
968 510 1088 565 videtur?

263 588 355 643 canat
376 587 420 657 qui
440 588 544 657 primus,
566 586 635 657 quod
659 604 763 642 summae
787 588 917 657 sapientise
937 587 1089 658 Pythagorae

301 664 383 718 visum
400 666 448 728 est,
466 662 583 718 omnibus
600 663 677 718 rebus
697 664 817 733 imposuit
837 664 957 718 nominat
982 666 1027 717 ant
1045 664 1089 733 qui

301 738 437 809 dissipatos
456 739 571 795 homiues
588 739 753 810 congregavit
770 743 797 793 et
815 739 846 793 ad
864 739 1010 794 societatem
1028 740 1088 794 vite

301 815 467 871 convocavit?
491 818 536 870 aut
554 816 599 886 qui
618 833 694 870 sonos
712 815 788 879 vocis,
806 816 849 885 qui
865 816 958 870 infiniti
971 815 1089 869 videban-

300 898 352 959 tur,
363 892 451 962 paucis
467 891 597 946 literarum
612 892 681 947 notis
698 892 863 947 terminavit?
887 897 932 946 aut
947 892 990 963 qui
1006 910 1089 945 errau-

300 968 366 1022 tium
378 967 507 1023 stellarnm
519 986 616 1033 cursus,
629 968 799 1039 regressiones
811 968 955 1022 institiones
970 968 1088 1022 notavit?

301 1060 388 1099 omnes
404 1045 504 1115 magni3
523 1045 599 1099 etiam
616 1044 765 1115 superiores,
779 1044 823 1114 qui
840 1045 934 1114 fruges,
953 1044 996 1114 qui
1012 1043 1088 1097 vesti·

301 1122 365 1187 tum,
383 1120 427 1190 qui
444 1124 520 1186 tecta,
541 1121 585 1191 qui
603 1120 701 1176 cultum
718 1120 785 1185 vitre,
803 1119 848 1190 qui
868 1118 983 1189 praesidia
1000 1122 1089 1172 contra

301 1195 368 1251 feras
388 1196 555 1252 invenerunt:
579 1197 703 1267 aquibus
721 1196 887 1251 mansuefacti
904 1199 931 1250 et
952 1195 1055 1261 exculti,
1073 1213 1089 1249 a

301 1272 449 1328 necessariis
468 1274 580 1328 artificiis
600 1274 633 1328 ad
653 1273 808 1345 elegantiora
828 1272 985 1327 defluximus.
1020 1271 1089 1326 Nam

301 1352 329 1402 et
345 1348 448 1403 auribus
460 1349 596 1404 oblectatio
611 1367 703 1420 magna
715 1360 788 1419 parta
804 1354 851 1414 est,
868 1349 971 1402 inventa
982 1351 1009 1402 et
1026 1351 1089 1402 tem·

302 1430 390 1493 perata
406 1426 528 1480 varietate
544 1430 571 1480 et
588 1431 681 1481 natura
698 1444 832 1491 sonorum
850 1428 877 1479 et
893 1428 961 1479 astra
975 1425 1089 1493 suspexi-

301 1517 366 1563 mus,
378 1507 434 1554 tum
446 1518 483 1564 ea,
501 1518 556 1570 qum
572 1506 632 1555 sunt
648 1502 726 1555 infixa
740 1501 816 1555 certis
831 1500 900 1564 locis,
913 1504 968 1553 tum
984 1499 1026 1553 illa
1038 1517 1089 1553 non

301 1592 337 1639 re,
356 1574 401 1628 sed
418 1574 540 1629 vocabulo
557 1577 674 1631 errantia
711 1576 828 1636 Quorum
845 1576 1019 1630 conversiones
1035 1594 1089 1629 om·

301 1666 397 1719 nesque
408 1653 493 1703 motus
505 1649 549 1720 qui
561 1650 643 1705 animo
653 1651 725 1716 vidit,
734 1652 757 1707 is
766 1652 852 1706 docuit
865 1651 969 1706 similem
979 1652 1089 1705 animum

263 1734 376 1782 ossuum
389 1727 444 1793 ejus
462 1743 525 1789 esse,
538 1726 582 1796 qui
598 1744 629 1781 ea
644 1726 783 1783 fabricatus
795 1733 862 1783 esset
878 1728 905 1782 in
916 1726 985 1782 caelo.
1021 1727 1089 1781 Nam

302 1816 381 1869 quum
393 1800 556 1856 Archimedes
568 1800 642 1866 lune,
655 1803 723 1871 solis,
736 1805 846 1875 quinque
855 1803 993 1858 errantium
1005 1808 1089 1857 motus

302 1874 330 1929 in
345 1875 468 1945 sphaeram
485 1875 600 1947 illigavit,
612 1879 696 1934 effecit
713 1879 787 1944 idem,
804 1878 871 1949 quod
887 1878 935 1941 ille,
949 1878 992 1947 qui
1010 1878 1036 1931 in
1048 1878 1090 1931 'li-

302 1969 366 2006 maeo
383 1951 503 2006 mundum
521 1952 662 2019 aedificavit,
675 1954 790 2008 Platonis
803 1953 872 2017 deus,
885 1956 915 2007 ut
931 1951 1051 2006 tarditate
1063 1956 1090 2006 et

302 2027 432 2083 eeleritate
453 2027 632 2084 dissimillimos
653 2033 740 2084 motus
761 2046 812 2083 una
831 2036 932 2097 regeret
952 2028 1090 2081 conversio.

304 2104 378 2168 Quod
396 2104 419 2158 si
433 2104 459 2158 in
471 2105 520 2159 hoc
537 2104 633 2159 mundo
649 2105 703 2160 fieri
720 2105 774 2159 sine
786 2103 833 2158 dec
844 2121 896 2157 non
912 2106 1049 2172 potestne
1063 2104 1091 2157 in

303 2180 402 2249 sphaera
418 2180 519 2250 quidem
535 2181 636 2236 eosdem
653 2186 738 2236 motus
756 2179 918 2234 Archimedes
936 2179 990 2232 sine
1006 2177 1091 2233 divino

303 2256 406 2325 iugenio
418 2257 543 2325 potuisset
555 2258 657 2311 imitari.

265 2335 296 2382 64
338 2331 440 2384 XXVI.
458 2331 525 2385 Mihi
542 2349 602 2386 vero
620 2349 652 2386 ne
670 2332 723 2386 haec
740 2331 840 2400 quidem
859 2330 960 2384 notiora
977 2334 1004 2384 et
1021 2329 1092 2384 illus·

303 2406 383 2461 triora
402 2423 488 2460 carere
508 2406 534 2459 vi
554 2405 639 2461 divina
658 2406 785 2472 videntur,
806 2410 836 2461 nt
857 2424 904 2476 ego
926 2409 970 2459 aut
990 2411 1092 2475 poetam

304 2502 381 2554 grave
403 2483 555 2553 plenumque
576 2501 677 2538 carmen
697 2484 751 2538 sine
775 2484 869 2538 caelesti
893 2483 976 2552 aliquo
999 2484 1092 2537 mentis

303 2560 426 2614 instinctu
444 2562 531 2625 putem
550 2558 663 2623 fundere,
681 2563 726 2613 aut
743 2559 911 2630 eloquentiam
928 2559 982 2612 sine
997 2559 1023 2612 vi
1041 2577 1093 2612 ma-

302 2634 358 2705 jore
374 2633 480 2705 quadum
493 2634 578 2699 fluere,
591 2634 760 2689 abundantem
777 2634 924 2689 sonantibus
936 2634 1019 2688 verbis
1031 2634 1093 2688 ube·

304 2710 424 2781 ribusque
440 2710 580 2764 sententiis.
616 2710 780 2780 Philosophia
798 2728 864 2775 vero,
883 2710 993 2763 omnium
1012 2714 1093 2764 mater

291 2787 396 2849 mrum,
418 2785 483 2855 quid
499 2789 542 2840 est
558 2785 635 2852 aliud,
654 2787 712 2851 nisi,
728 2790 758 2839 ut
778 2786 853 2840 Plato
872 2786 915 2849 ait,
935 2784 1044 2850 donum3
1063 2789 1093 2839 ut

274 2872 333 2919 06⁷0,
352 2860 497 2917 nveniam
516 2862 648 2923 deorum?
674 2864 743 2922 Haec
760 2880 810 2918 nos
823 2862 935 2934 primum
950 2859 985 2911 ad
995 2860 1099 2912 'hlsrum

196 3081 238 3113 h
