2634 3367
337 340 369 385 50
476 335 992 385 rasennammsrurmouum

337 446 428 500 luisset
446 449 525 500 tautae
543 446 694 501 calamitatis
711 464 794 502 causa
829 447 901 503 Huic
921 449 949 504 in
964 449 1066 506 tabellis
1082 450 1126 505 tris

337 521 483 592 hujusmodi
495 523 632 576 versiculos
645 521 734 577 datos:

435 606 529 668 Ignaris
540 606 650 654 homines
662 607 687 654 in
697 608 747 655 vita
758 608 880 655 mentibus
891 617 980 657 errant.

434 676 580 739 Euthynous
592 677 690 739 potitur,
703 679 805 725 latorum
817 679 925 736 numine,
938 680 995 727 leto.

434 748 474 794 Sic
485 747 531 795 luit
543 747 627 794 utilius
638 747 703 794 finiri
714 749 808 810 ipsique
819 749 918 811 tibique.

283 826 328 874 11⁵
373 820 423 876 His
436 826 462 876 et
474 821 568 877 talibus
584 821 731 877 auctoribus
742 823 790 888 usi,
803 823 960 888 confirmant,
974 841 1078 879 mnsam
1092 842 1127 880 re·

337 895 385 951 bus
397 915 413 951 a
424 897 472 952 diis
488 897 672 953 immortalibus
687 896 833 968 judicatam.
861 897 1007 954 Alcidamas
1019 900 1126 971 qnidam,

336 972 424 1027 rhetor
441 974 569 1045 antiquos,
591 975 618 1029 in
636 974 724 1044 primis
742 974 841 1041 nobilis,
860 974 962 1044 scripsit
982 976 1061 1030 etiam
1078 976 1127 1031 lau·

337 1047 465 1105 dationem
482 1051 579 1118 mortis,
597 1069 654 1122 quae
667 1053 767 1105 constat
784 1068 817 1104 ex
834 1052 1025 1107 enumeratione
1042 1052 1128 1107 hama·

337 1142 427 1181 uorum
445 1126 576 1182 malorum.
613 1126 663 1181 Oui
681 1126 791 1180 rationes
809 1143 853 1193 ere,
871 1144 928 1197 qma
945 1127 1129 1196 exquisitiusa

338 1202 494 1276 philosophis
517 1204 679 1275 colliguntur,
699 1202 852 1267 delueraut3
882 1201 986 1257 ubertas
1008 1204 1128 1259 orationis

337 1297 389 1334 uon
407 1281 496 1336 deluit.
534 1281 612 1335 Olera
631 1296 691 1335 vero
711 1285 814 1343 mortes,
833 1294 879 1348 pro
899 1279 982 1347 patria
1000 1280 1127 1351 oppetitae,

337 1372 390 1410 non
405 1358 486 1411 solum
502 1356 618 1427 gloriose
633 1354 787 1419 rhetoribus,
802 1353 847 1409 sed
862 1353 938 1408 etlam
955 1354 1039 1411 beatae
1049 1355 1129 1411 rideri

318 1433 429 1487 ‚solent
450 1434 582 1502 Repetunt
590 1430 622 1485 ab
630 1431 789 1486 Erechtheo:
808 1431 1129 1503 cujasetiamlilimcnpido

338 1512 445 1562 mortem
458 1506 635 1576 expetiverunt
652 1524 698 1575 pro
710 1507 764 1562 vita
780 1507 888 1562 civium:
908 1506 1028 1574 Codrum,
1042 1508 1087 1579 qui
1102 1526 1128 1563 se

338 1582 365 1637 in
385 1581 481 1637 medios
502 1581 607 1636 immisit
630 1582 725 1647 hostes,
747 1587 818 1638 veste
841 1582 964 1647 famulari,
986 1601 1020 1639 ne
1042 1587 1128 1655 posset

338 1658 449 1729 agnosci,
474 1658 497 1713 si
519 1660 588 1712 esset
611 1662 703 1713 ornatu
724 1660 810 1730 regio:
835 1658 903 1731 quod
923 1659 1052 1715 oraculum
1074 1664 1128 1715 erat

339 1734 469 1800 datumst
485 1752 530 1789 rex
547 1734 697 1790 interiectus
711 1740 787 1800 esset,
800 1734 916 1791 victrices
932 1736 1049 1791 Athenas
1065 1736 1127 1791 iore.

337 1810 484 1866 Menoeceus
501 1828 552 1865 non
565 1811 781 1882 pretermittitur:
801 1812 845 1882 qui
857 1811 959 1867 oraculo
971 1810 1041 1866 edito
1053 1812 1128 1884 largi·

337 1890 381 1943 tus
393 1892 434 1943 est
445 1888 534 1961 patriae
545 1906 618 1944 suum
632 1887 787 1959 sanguinem.
818 1887 952 1958 Iphigenia
963 1887 1057 1944 Aulide
1069 1888 1127 1944 duci

338 1983 366 2021 se
378 1965 553 2021 immolandam
564 1964 645 2037 jubet,
659 1968 690 2018 ut
702 1964 814 2018 hostium
826 1964 930 2035 sanguis
942 1963 1061 2019 eliciatur
1071 1981 1126 2021 sno.

373 2042 471 2098 XLIX.
490 2043 605 2098 Veniunt
628 2040 687 2096 inde
708 2039 740 2095 ad
760 2039 884 2110 propiora
920 2039 1078 2096 Harmodius
1100 2041 1128 2096 in

338 2136 382 2173 ore
402 2126 430 2173 et
450 2120 625 2190 Aristogiton
648 2116 855 2173 Lacedaemonius
876 2114 1008 2182 Leonidas,
1030 2116 1127 2173 Theba·

337 2211 386 2248 nus
402 2194 589 2263 Epaminondas
605 2195 700 2265 vigent.
736 2193 846 2247 Nostros
864 2209 913 2246 non
932 2191 1044 2258 norunt3
1063 2211 1127 2264 quos

339 2286 485 2323 enumerare
503 2288 620 2340 magnum
639 2275 694 2324 est:
713 2271 751 2323 ita
768 2278 829 2323 sunt
849 2267 930 2333 multi,
950 2267 1042 2338 quibus
1060 2270 1127 2325 vide

339 2362 395 2398 mus
408 2344 530 2414 optabiles
543 2349 637 2400 mortes
650 2346 730 2399 luisse
742 2362 798 2399 cum
811 2344 899 2415 gloria.

286 2435 331 2487 117
374 2419 440 2478 Quae
461 2438 538 2491 quum
559 2422 596 2475 ita
618 2420 678 2485 sint,
703 2438 794 2490 magna
816 2424 902 2475 tamen
923 2419 1067 2491 eloquentia
1087 2424 1127 2476 est

339 2495 469 2561 utendum,
488 2500 565 2566 atque
585 2498 623 2552 ita
638 2496 710 2551 velut
729 2496 858 2567 superiore
876 2495 962 2551 eloco
979 2497 1127 2552 concionan-

340 2572 408 2636 dum,
421 2575 451 2626 ut
462 2571 576 2627 homines
588 2577 695 2629 mortem
707 2573 747 2627 vel
759 2577 848 2643 optare
864 2572 993 2642 incipiant,
1006 2572 1047 2627 vel
1058 2578 1128 2629 certo

339 2650 429 2704 timere
446 2646 577 2704 desistant.
613 2650 680 2704 Nam
699 2648 722 2703 si
739 2666 871 2719 supremus
888 2647 929 2702 ille
945 2646 999 2702 dies
1015 2666 1066 2702 non
1084 2667 1128 2704 ex-

340 2724 509 2790 stinctionem,
520 2725 566 2780 sed
577 2725 798 2781 commutationem
811 2725 884 2779 affert
900 2722 947 2778 loci
955 2746 971 2789 ;7
982 2723 1044 2793 qnid
1056 2729 1127 2795 opta·

338 2802 434 2858 bilius?
458 2800 503 2856 Sia
518 2806 603 2859 autem
620 2802 721 2876 perimit
736 2819 767 2856 aa
782 2800 849 2855 delet
865 2799 981 2863 omnino;
1000 2800 1061 2869 quld
1078 2816 1125 2853 me·

316 2878 379 2949 1¹21&
392 2899 473 2953 quum
484 2879 515 2939 iu
527 2881 622 2950 mediis
634 2881 697 2943 vitae
707 2876 842 2938 laberium
852 2873 1050 2936 oauormmaa,
1057 2876 1136 2925 etita
