2634 3367
488 327 555 376 LIB.
569 328 613 376 IV.
637 330 710 377 CAP.
724 330 762 387 27,
774 332 812 379 28.
1000 334 1045 380 143

251 438 296 489 ant
309 435 438 507 appetitus
447 436 627 499 vehementior,
638 454 670 489 an
680 436 711 489 ad
724 435 844 505 singulas,
854 440 884 491 ut
897 435 929 490 ad
942 441 1044 507 metum,

252 510 382 565 libidinem
407 511 572 582 reliquasque,
598 512 687 565 melius
711 512 860 566 adhibeatur
884 514 981 568 oratio:
1008 520 1042 578 et,

249 591 337 641 utrum
361 587 455 641 illudne
479 605 531 641 non
551 587 667 641 videatur
690 606 757 657 aegra
780 588 919 653 ferendum,
940 608 972 642 ex
993 608 1043 659 quo

250 667 370 733 suscepta
387 663 422 716 sit
439 662 572 733 aegritud0,
589 682 621 717 an
637 664 748 717 omnium
765 683 849 718 rernm
863 664 975 719 tollenda
990 684 1043 719 orn-

249 738 310 791 nino
331 737 473 807 aegritudo:
497 742 535 803 ut,
557 739 580 792 si
600 739 657 808 quis
679 757 745 809 aegre
764 740 837 805 ferat,
858 758 885 794 se
908 760 1042 810 pauperem

248 832 313 877 esse,
325 813 385 867 idue
403 813 525 882 disputes,
539 819 713 884 paupertatem
732 816 824 869 malum
842 834 893 870 non
911 834 983 870 esse:
1001 836 1041 884 an,

248 889 376 943 hominem
388 908 455 959 aegre
466 889 533 943 ferre
549 890 611 943 nihil
627 896 751 960 oportere.
787 892 914 945 Nimirum
930 893 978 946 hoo
990 911 1041 946 me·

247 964 314 1018 lius:
339 982 378 1028 ne,
401 964 423 1018 si
444 965 510 1019 forte
531 964 562 1019 de
583 970 732 1035 paupertate
753 984 804 1020 non
821 968 984 1037 persuaseris,
1006 968 1041 1022 sit

247 1040 395 1110 aegritudini
418 1040 621 1095 eoncedendum:
650 1042 801 1112 aegritudine
825 1046 910 1097 autem
933 1043 1041 1109 sublata,

247 1116 356 1186 propriis
380 1115 528 1181 rationibus,
554 1116 645 1186 quibus
670 1118 724 1171 heri
747 1118 789 1171 usi
811 1137 906 1183 sumus,
932 1118 1039 1189 quodam

247 1190 412 1245 modoetiam
425 1194 582 1262 paupertatis
594 1192 687 1246 malum
700 1193 806 1246 tollitur.

283 1266 415 1322 XXVIII.
435 1267 486 1322 Sed
497 1270 578 1321 omnis
591 1268 715 1335 ejusmodi
731 1267 888 1337 perturbatio
900 1268 975 1321 animi
989 1269 1036 1338 pla·
1046 1274 1077 1320 60

245 1344 346 1397 catione
364 1343 481 1397 abluatur
499 1343 541 1396 illa
553 1343 662 1412 quidem,
676 1362 754 1413 quum
772 1343 862 1397 doceas
880 1362 927 1398 neo
944 1344 1038 1399 bonum

244 1418 309 1473 illud
320 1438 383 1484 esse,
397 1438 429 1474 ex
441 1437 491 1489 quo
507 1419 595 1473 latitia
610 1423 654 1472 aut
671 1419 748 1474 libido
761 1420 864 1484 oriatur,
878 1438 924 1474 neo
937 1420 1037 1488 malum,

243 1512 277 1548 ex
289 1513 340 1565 quo
352 1498 396 1549 aut
414 1499 496 1548 metus
512 1498 557 1548 aut
569 1494 701 1564 agritudo.
738 1496 920 1550 Verumtamen
932 1496 985 1551 haeo
997 1502 1036 1552 est

243 1574 315 1624 oerta
327 1579 353 1624 et
369 1570 471 1640 propria
486 1571 592 1638 sanati0,
605 1572 625 1625 si
639 1570 729 1626 dooeas
747 1572 815 1640 ipsas
833 1572 1035 1643 perturbationes

242 1663 290 1715 per
303 1663 332 1700 se
347 1664 403 1700 esse
415 1646 527 1711 vitiosas,
539 1664 587 1701 neo
603 1646 695 1702 habere
707 1649 841 1718 quidquam
860 1652 904 1702 aut
920 1650 1035 1705 naturale

241 1724 288 1775 aut
300 1722 487 1776 necessarium:
505 1728 535 1775 ut
546 1723 626 1792 ipsam
638 1724 813 1794 egritudinem
825 1724 897 1778 leniri
910 1724 1032 1790 videmus,

241 1812 322 1865 quum
333 1797 466 1867 objicimus
477 1798 639 1853 maerentibus
648 1799 845 1854 imbecillitatem
855 1801 930 1854 animi
940 1802 1033 1855 effemi-

239 1871 304 1937 nati,
325 1891 454 1944 quumque
471 1892 558 1928 eorum
576 1892 622 1943 gra
640 1876 727 1929 'tatem
745 1876 963 1946 constantiamque
981 1876 1034 1929 lau·

240 1947 339 2013 danim,
358 1949 402 2019 qui
420 1967 472 2003 non
490 1948 637 2004 turbulente
655 1950 766 2003 humana
786 1950 923 2019 patiantur.
960 1951 1034 2015 Quod

239 2023 343 2093 quidam
360 2024 425 2078 solet
440 2024 477 2078 eis
493 2025 569 2078 etiam
586 2023 707 2088 accidere,
720 2024 764 2094 qui
775 2024 818 2077 illa
833 2023 898 2077 mala
909 2042 964 2078 esse
976 2043 1033 2079 oeu-

239 2104 307 2163 sent,
327 2098 430 2154 ferenda
448 2104 534 2153 tamen
555 2117 627 2169 aequo
648 2099 732 2153 animo
753 2098 916 2153 arbitrantur.
952 2100 1032 2156 Putat

238 2174 338 2244 aliquis,
352 2192 408 2229 esse
420 2176 576 2244 voluptatem
588 2174 691 2239 bonum,
704 2173 767 2228 alius
783 2177 867 2228 autem
883 2174 1030 2245 pecuniam:

238 2252 326 2303 tamen
342 2254 369 2304 et
385 2250 426 2305 ille
441 2251 473 2304 ab
486 2250 689 2319 intemperantia,
702 2255 728 2305 et
746 2250 788 2305 hio
806 2249 838 2305 ab
853 2251 957 2305 avaritia
973 2270 1031 2308 avo-

239 2325 292 2379 cari
313 2329 405 2395 potest.
441 2326 489 2380 Illa
512 2330 596 2380 antem
622 2326 702 2381 altera
725 2326 790 2381 ratio
814 2330 840 2381 et
863 2328 952 2394 oratio,
974 2347 1030 2399 qnae

238 2400 314 2455 simul
335 2409 362 2455 et
385 2402 527 2471 opinionem
549 2402 637 2456 falsam
657 2402 726 2457 tollit
747 2407 773 2458 et
794 2403 968 2471 egritudinem
988 2404 1031 2460 de-

236 2476 325 2543 trahit,
338 2480 378 2531 est
394 2495 424 2531 ea
435 2477 537 2547 quidem
553 2478 678 2543 subtilior,
692 2477 737 2533 sed
752 2496 809 2532 raro
826 2479 932 2548 proficit,
948 2497 1029 2550 neque

236 2555 278 2614 est
296 2552 329 2606 ad
346 2552 437 2622 vulgus
453 2552 600 2607 adhibenda
636 2553 759 2613 Quaedam
777 2558 862 2609 autam
879 2559 940 2609 sunt
957 2556 1066 2625 aegri-61

236 2627 348 2692 tudines,
367 2646 430 2697 quas
448 2627 532 2682 levare
552 2628 595 2682 illa
612 2628 735 2684 medicina
752 2629 821 2684 nullo
839 2630 913 2684 modo
932 2632 1028 2699 possit:

235 2706 275 2766 ut,
295 2702 317 2756 si
338 2703 394 2772 quis
411 2721 479 2772 age
499 2703 572 2767 ferat,
591 2703 654 2757 nihil
672 2704 700 2757 in
720 2722 747 2757 so
765 2722 821 2757 esse
838 2704 948 2770 virtutis,
966 2705 1029 2758 nihil

235 2778 321 2842 animi,
335 2778 398 2832 nibil
412 2778 493 2846 officii,
505 2778 568 2831 nihil
580 2777 730 2843 honestatis,
741 2782 848 2848 propter
857 2778 929 2830 mala
938 2778 967 2828 'xa
977 2780 1036 2841 aaut·

232 2853 290 2906 dem
308 2858 424 2923 angatur,
439 2853 485 2911 sed
503 2854 556 2913 aba
566 2854 691 2929 quadum
707 2854 746 2912 sib
763 2853 801 2909 ad
814 2870 880 2907 aum
894 2844 1068 2902 masmana
