2634 3367
513 335 582 384 mn.
600 335 621 383 1.
639 335 714 384 cAP.
733 338 771 384 26.
1002 339 1033 386 26

244 448 301 499 tum
313 445 429 513 agnoseit
444 444 487 499 ilia
498 442 688 500 ramiuisoaudo.
725 444 765 497 Itu
776 442 841 498 nihii
852 442 919 499 aliud
932 446 971 499 ast
983 444 1033 499 dis·
1042 456 1074 503 59

244 538 309 585 oeus,
322 520 373 575 uisi
387 519 520 575 rasordaii.
556 520 613 590 Ego
625 524 710 574 autem
726 522 820 589 majora
832 520 908 574 stiam
925 520 1033 591 quodum

244 596 319 651 modo
338 596 483 651 memoriam
503 595 620 651 admiror.
655 595 726 655 Quid
746 600 786 650 ast
806 596 874 650 anim
891 595 962 662 illud,
981 614 1033 667 quo

244 672 423 727 meminimus?
441 674 486 726 aut
502 688 577 742 quam
595 670 672 726 habet
688 672 759 725 vimi
782 675 827 726 aut
843 671 911 726 uude
927 674 1031 727 natam?

243 747 306 802 Non
320 765 414 819 quaero,
425 752 521 818 quauta
536 747 656 802 memoria
673 746 814 802 Simonides
830 746 908 803 fuisse
925 746 1031 813 dicatur,

243 829 339 895 quauta
353 824 518 891 Theodeotes,
531 827 626 895 quanta
640 824 671 890 is,
683 824 755 895 quia
770 824 868 895 Pyrrho
885 824 984 895 legatus
1000 826 1032 881 ad

242 904 359 955 senatum
370 907 411 955 est
426 900 528 965 missus,
542 902 646 971 Cynam,
664 903 759 971 quauta
775 918 856 970 nuper
868 900 1030 968 Charmadas,

242 981 346 1047 quauta,
366 976 410 1046 qui
430 976 505 1032 modo
525 976 584 1044 fuit,
605 976 723 1047 Soapsius
743 975 916 1044 Metrodorus,
937 981 1032 1047 quauta

241 1055 330 1106 noster
342 1052 512 1107 Hortensius:
531 1051 563 1107 de
574 1053 703 1107 oommuui
718 1050 848 1105 homiuum
860 1052 980 1107 mamon'a
996 1053 1033 1107 lo·

242 1144 313 1197 quor,
326 1131 354 1182 et
370 1145 457 1183 sorum
469 1128 584 1194 maxime,
596 1128 641 1199 qui
655 1128 684 1181 in
695 1126 779 1196 aiiquo
795 1127 888 1197 majora
904 1127 989 1182 studio
1004 1131 1032 1182 si

241 1206 297 1258 arto
314 1207 464 1258 venantur:
483 1221 590 1275 quorum
607 1206 704 1275 quauta
720 1219 792 1256 meus
812 1202 855 1267 sit,
875 1202 974 1257 difficile
991 1207 1031 1258 ast

241 1278 403 1333 existimare:
421 1280 459 1334 its
470 1280 550 1334 multa
560 1280 738 1334 meminerunt.

275 1354 360 1408 XXV.
379 1356 493 1420 Quorsus
509 1355 590 1425 igitur
600 1354 654 1410 hmo
672 1355 771 1423 spectat
786 1354 890 1409 oratio?
914 1353 980 1412 Qus
996 1354 1070 1411 sitm

240 1428 284 1483 ilia
295 1430 334 1483 vis
346 1429 506 1495 commissit,
520 1428 713 1501 intelligendum
729 1432 800 1500 puto.
836 1429 897 1485 Nou
909 1432 950 1485 asi
961 1434 1030 1486 uaria

240 1520 288 1559 noo
305 1504 396 1570 sordis,
415 1523 463 1561 neo
479 1506 619 1577 sanguinis,
636 1523 684 1561 neo
700 1503 797 1561 oarabri
816 1522 863 1560 neo
881 1509 1030 1562 atomorum.

239 1580 333 1635 Anima
350 1581 385 1635 ait
402 1583 500 1636 animus
520 1582 626 1652 ignisne,
645 1581 745 1637 uasoio:
766 1598 814 1636 noo
831 1599 872 1636 ma
893 1580 979 1652 pudet,
999 1585 1029 1636 ui

239 1656 312 1721 istos,
330 1654 406 1710 satori
423 1656 528 1722 nescito,
547 1655 615 1728 quod
631 1656 749 1712 nosoiam.
780 1656 855 1722 Illud,
873 1659 896 1712 si
913 1657 966 1711 ulla
982 1657 1031 1712 alia

239 1731 272 1786 de
287 1750 315 1787 rs
332 1731 440 1787 obscura
457 1733 579 1787 affirmata
595 1750 702 1803 possum,
719 1733 773 1787 siva
790 1733 873 1788 anima
890 1733 944 1788 sivo
962 1733 1029 1803 iguis

238 1807 273 1862 sit
294 1807 401 1874 suimus,
418 1826 477 1863 aum
494 1809 605 1878 jurarem
622 1825 679 1863 asso
696 1807 817 1863 divinum.
851 1808 922 1868 Quid
942 1808 1029 1864 animi

238 1882 345 1938 obsecro
360 1887 395 1948 te,
407 1886 508 1939 terrane
524 1883 572 1939 tibi
588 1888 633 1939 aui
650 1883 699 1939 hoo
716 1883 838 1939 nebuloso
850 1887 876 1938 at
892 1883 1029 1953 caliginoso

238 1958 300 2013 oaelo
313 1960 358 2013 aut
373 1962 430 2013 saia
441 1961 486 2013 aut
501 1963 620 2014 oouorsta
629 1959 731 2015 videtur
742 1963 816 2014 tauta
827 1958 865 2013 vis
882 1958 1028 2014 mamorioei

238 2034 274 2099 si,
293 2033 355 2105 quid
372 2034 407 2088 sit
427 2034 483 2099 hoo,
500 2052 552 2089 uon
571 2034 657 2090 vides:
683 2039 717 2101 at,
737 2033 810 2106 qualo
826 2034 867 2100 sit,
887 2032 965 2088 vidos.
1001 2033 1028 2089 Si

237 2128 271 2164 ne
286 2110 315 2164 id
332 2109 448 2180 quidem:
467 2113 502 2175 ai,
520 2115 642 2182 quantum
658 2111 701 2175 sii,
718 2110 832 2181 profacto
843 2107 922 2164 vidos.
958 2108 1066 2168 Quium

237 2185 338 2256 igitur?
355 2190 442 2240 utrum
458 2188 623 2257 oapaoiiatem
639 2186 748 2257 aliquam
764 2186 792 2239 in
809 2186 892 2241 animo
909 2188 1027 2256 putamus

237 2279 302 2329 asse,
315 2278 374 2331 quo,
386 2264 515 2333 tamquam
530 2263 558 2317 in
569 2262 671 2333 aliquod
682 2280 727 2317 vas
738 2280 776 2328 aa,
788 2279 844 2332 quae
859 2262 1027 2328 meminimus,

235 2336 423 2393 infundantur?
449 2337 595 2393 Absurdum
606 2338 633 2393 id
644 2337 752 2409 quidam.
787 2338 841 2398 Qui
852 2339 918 2393 anim
930 2337 1025 2393 fundus

236 2415 282 2467 aut
299 2429 357 2483 quoe
374 2413 433 2467 tuiis
450 2413 527 2467 animi
547 2414 629 2483 figura
646 2414 754 2485 intelligi
774 2414 880 2485 potasti
903 2419 948 2469 aut
969 2432 1025 2485 quae

235 2492 310 2542 tauta
332 2488 435 2543 omuino
458 2489 603 2559 oapaoitasi
633 2491 676 2543 Au
697 2489 814 2560 imprimi,
838 2489 911 2560 quusi
934 2506 1025 2554 ceram,

236 2563 348 2618 animum
364 2568 490 2634 putamus,
503 2569 530 2619 et
545 2565 690 2619 memoriam
702 2582 757 2620 esso
769 2565 926 2635 signatarum
941 2583 1026 2619 rarum

235 2638 263 2692 in
274 2642 361 2693 ments
372 2640 498 2707 vestigia?
525 2642 588 2706 Quae
599 2642 707 2711 possunt
718 2640 860 2707 verborum
872 2658 930 2710 quae
941 2656 1027 2694 rerum

236 2714 349 2781 ipsarum
365 2732 421 2770 asse
435 2716 563 2786 vestigia?
587 2734 644 2787 quae
661 2733 737 2788 porro
748 2719 805 2772 ium
818 2716 951 2771 immousa
961 2730 1038 2778 mou,-

235 2789 335 2857 nitudo‚
356 2808 412 2861 quas
429 2793 472 2847 iiia
493 2797 544 2849 tam
566 2794 650 2853 multa
675 2796 764 2871 possit
786 2792 934 2866 mummi
958 2782 1059 2844 Quoi

228 2866 272 2917 ’Μ
291 2866 328 2919 7¹⁵⁸
342 2883 399 2935 ΨΜ
415 2869 518 2927 taudem
539 2876 590 2942 est,
612 2894 676 2950 quaa
698 2875 858 2948 iuvesugm
875 2864 1002 2925 omma
1020 2862 1088 2921 ”iffi
