2634 3367
465 336 533 385 LIB.
553 336 585 384 V.
602 335 677 386 CAP.
694 338 736 395 4⁰,
747 338 790 385 41.
983 337 1028 389 197

233 450 323 505 daster
346 448 384 503 M.
400 448 521 503 Crassus:
552 448 597 503 sed
621 446 691 503 aliud
713 446 853 512 molestius,
873 444 942 518 quod
964 446 1030 501 male

234 524 369 591 audiebat3
391 524 466 579 etiam
485 524 515 589 si,
530 528 561 578 ut
579 524 641 579 mihi
657 524 799 591 videbatur,
814 524 916 594 injuria
952 523 1030 591 [api-

232 600 317 671 curei]
337 600 419 654 nostri
437 599 525 654 Graece
545 599 599 655 fere
616 600 743 665 nesciunt,
760 616 809 654 nec
830 598 912 654 Graeei
928 598 1030 653 Latine.

234 674 307 746 Ergo
327 675 354 729 hi
372 676 400 729 in
419 674 526 739 illorum,
545 679 572 730 et
589 675 627 730 illi
646 675 674 731 in
693 675 785 730 horum
805 692 921 729 sermone
941 673 1030 729 surdi:

235 768 372 820 omnesque
384 768 430 805 nos
446 752 473 806 in
489 751 520 805 iis
535 750 637 822 linguis,
650 770 715 820 quas
726 768 778 805 non
789 751 961 822 intelligimus,
973 768 1030 821 quae

234 832 298 880 sunt
315 826 516 891 innumerabiles,
536 826 607 881 turdi
626 827 741 897 profecto
759 844 854 881 sumus.
889 827 925 881 At
944 843 1030 879 vocem

235 900 369 957 citharoedi
391 918 443 956 non
466 901 588 957 audiunt:
615 920 648 957 ne
672 902 805 957 stridorem
829 900 931 973 quidem
954 918 1031 955 serrae

235 980 300 1042 tum,
320 996 398 1047 quum
417 977 531 1032 aeuitur:
556 981 601 1031 aut
619 978 776 1048 grunnitum,
795 996 874 1048 quum
889 976 1031 1048 jugulatur,

235 1052 306 1108 suis:
329 1070 384 1117 nec,
404 1071 483 1123 quum
503 1054 632 1123 quiescere
650 1053 749 1119 volunt,
770 1054 901 1109 tremitum
921 1072 1031 1107 murmu-

235 1128 317 1183 rantis
329 1129 413 1184 maris.
446 1128 489 1196 nt,
502 1129 524 1183 si
536 1132 626 1184 cantus
639 1148 683 1184 eos
695 1129 762 1185 forte
774 1129 908 1193 delectant,
921 1129 1031 1198 primum

236 1204 349 1276 cogitare
361 1204 462 1270 debent,
476 1208 611 1276 antequam
622 1206 650 1261 hi
666 1206 718 1260 sint
730 1205 835 1271 inventi,
848 1204 942 1259 multos
956 1204 1031 1259 beate

236 1280 333 1334 vixisse
349 1281 491 1349 sapientes:
510 1280 601 1336 deinde
617 1281 699 1336 multo
714 1280 944 1354 majorem-percipi
956 1297 1031 1349 posse

236 1355 350 1425 legendis
375 1355 423 1420 his,
449 1373 525 1426 quam
548 1356 688 1422 audiendis,
710 1356 884 1426 voluptatem:
913 1359 977 1422 tum,
1001 1359 1086 1419 ut117

236 1430 322 1497 paullo
334 1440 394 1486 unte
406 1448 485 1486 caeos
498 1432 529 1485 ad
545 1432 642 1487 aurium
659 1432 853 1489 traducebamus
865 1431 1030 1501 voluptatem,

237 1507 274 1561 sic
290 1506 350 1561 lieet
362 1507 452 1562 surdos
465 1507 497 1561 ad
509 1508 648 1563 oculorum.
685 1508 789 1563 Etenim
801 1509 845 1580 qui
861 1526 946 1563 secum
962 1507 1032 1581 loqui

236 1583 340 1651 poterit,
354 1600 494 1638 sermonem
507 1583 611 1640 alterius
622 1602 675 1640 non
686 1585 807 1656 requiret.

272 1658 448 1728 Congerantur
456 1659 484 1713 in
495 1678 575 1715 unum
583 1661 675 1729 omnia,
684 1665 714 1716 ut
723 1661 790 1716 idem
802 1660 882 1717 oculis
891 1665 918 1715 et
927 1658 1031 1715 auribus

236 1736 328 1803 captus
351 1734 401 1800 sit;
426 1739 556 1805 prematur
573 1737 651 1792 etiam
671 1736 800 1792 doloribus
824 1736 952 1792 acerrimis
975 1753 1032 1790 cor·

236 1809 315 1879 peria.
352 1809 406 1869 Qui
423 1811 532 1879 primum
550 1829 595 1883 per
611 1830 639 1867 se
656 1812 712 1883 ipse
728 1812 876 1882 plerumque
894 1811 1031 1866 conficiunt

236 1885 379 1940 hominem:
399 1885 439 1940 sin
450 1886 517 1941 forte
529 1887 716 1958 longinquitate
728 1887 846 1959 producti
859 1885 1031 1941 vehementiae

236 1966 323 2016 tamen
339 1965 467 2034 torquent,
480 1980 556 2033 quam
571 1966 601 2017 ut
617 1981 695 2019 causa
710 1964 752 2030 sit,
764 1981 811 2019 cur
822 1963 951 2019 ferantur:
970 1962 1032 2033 quid

236 2040 277 2093 est
294 2037 404 2102 tandem,
418 2037 454 2092 dii
471 2038 545 2093 boni!
568 2038 637 2109 quod
653 2039 815 2094 laboremus?
851 2038 946 2093 Portus
963 2038 1031 2092 enim

235 2117 330 2186 praeto
348 2116 396 2179 est,
414 2115 532 2184 quoniam
547 2131 616 2169 mors
635 2114 752 2184 [ibidem]
770 2118 811 2169 est
828 2118 952 2169 aternum
968 2113 1032 2169 nihil

236 2190 358 2245 sentienti
370 2190 564 2260 receptaculum.
599 2189 747 2245 Theodorus
759 2190 911 2262 Lysimacho
923 2192 1032 2245 mortem

236 2266 379 2321 minitanti:
398 2265 1032 2338 Magnumeercdnquit,effecteti,sieouttcrtdia

236 2342 293 2395 eim
313 2351 459 2396 coruscatas
478 2360 510 2395 ee.
547 2341 652 2397 Paullus
672 2342 758 2397 Persae
778 2341 931 2412 deprecanti
951 2360 984 2398 ne
1004 2342 1087 2407 inus

236 2416 366 2487 triumpho
383 2417 533 2472 duceretur:
558 2418 596 2471 In
616 2428 664 2473 tea
683 2418 716 2471 s‘d
731 2418 837 2489 quidem
851 2428 972 2490 potestate
988 2429 1031 2474 est.

236 2492 324 2547 Multa
335 2492 416 2561 primo
428 2493 476 2558 die,
490 2512 569 2563 quum
581 2492 612 2548 de
628 2494 685 2564 ipsa
695 2497 778 2549 morte
790 2512 967 2565 quereremus,
979 2511 1032 2548 non

237 2586 318 2638 pauca
338 2569 413 2622 etiam
438 2574 549 2639 postero,
569 2588 647 2640 quum
668 2578 788 2640 ageretur
805 2569 836 2624 de
857 2569 950 2633 dolore,
970 2573 1031 2624 sunt

237 2644 306 2699 dieta
323 2644 355 2699 de
372 2649 469 2699 morte:
492 2664 549 2715 qua
567 2646 611 2715 qui
628 2645 783 2713 recordetur,
800 2644 869 2699 haud
887 2662 947 2700 sune
965 2646 1031 2715 peri-

236 2721 322 2776 culum
334 2725 382 2787 est,
393 2738 426 2775 ne
442 2738 494 2775 non
505 2725 613 2777 mortem
626 2724 671 2777 aut
683 2721 828 2793 optandam,
840 2723 886 2776 aut
898 2724 967 2777 certe
978 2738 1031 2777 non

236 2796 374 2853 timendam
387 2800 470 2867 putet.
