2634 3367
463 326 531 375 LIB.
550 327 594 375 1v.
622 326 697 375 cAP.
717 327 754 383 14,
767 283 804 374 ib.
988 329 1031 378 lar

240 435 339 492 tardius
357 438 384 491 et
405 441 551 492 recreantur
568 436 657 501 ocius;
681 435 785 491 hebetes
806 454 855 491 non
873 436 942 492 item.
977 437 1034 493 Nec

240 530 301 568 vero
325 512 353 567 in
375 530 474 567 omnem
499 512 613 567 morbum
638 530 668 567 ac
696 512 911 582 perturbationem
935 513 1033 568 animus

239 588 365 659 ingeniosi
381 588 457 643 cadit.
492 590 517 642 N
518 607 551 642 on
563 589 629 643 enim
643 588 670 642 in
682 588 734 642 ulla
745 589 848 643 efferata
860 593 887 643 et
899 589 1033 643 immania:

239 664 355 735 quaedam
378 668 465 719 autem
492 664 658 718 humanitatis
682 682 783 735 quoque
810 663 904 720 habent
928 665 1034 736 primam

239 741 358 810 speciem,
378 745 409 795 ut
433 739 609 804 misericordia,
632 739 764 810 agritudo,
788 744 879 795 metus.
916 742 1034 812 AEgrota-

239 816 322 870 tiones
335 819 420 869 autem
432 815 563 885 morbique
576 815 715 870 animorum
728 815 853 870 difficilius
869 816 942 871 evelli
960 835 1033 887 posse

237 896 372 962 putantur,
391 911 465 963 quam
484 910 583 946 summa
599 892 643 946 illa
659 891 729 955 vitia,
746 910 801 961 quaa
817 892 956 948 virtutibus
972 899 1033 948 suut

239 968 375 1024 contraria.
412 967 511 1023 Morbis
527 968 593 1022 enim
610 966 778 1031 manentibus,
792 968 1033 1024 uitiasublataesse
1115 976 1118 982 '

239 1047 355 1113 possunt,
369 1042 428 1113 quia
443 1043 470 1096 hi
487 1061 537 1096 uon
553 1047 607 1097 tam
623 1042 739 1097 celeriter
755 1046 883 1110 sanantur,
900 1062 975 1113 quam
991 1044 1034 1099 illa

238 1120 374 1174 tolluntur.
411 1119 499 1174 Habes
523 1137 560 1183 ea,
579 1137 636 1189 quae
660 1119 692 1173 de
716 1117 948 1188 perturbationibus
972 1129 1073 1175 anu-83

239 1196 321 1251 oleate
333 1196 465 1265 disputant
478 1195 572 1250 Stoici:
592 1213 648 1266 quac
666 1194 748 1266 logica
763 1194 896 1264 appellant,
910 1195 969 1265 quia
984 1195 1034 1251 dis·

239 1276 362 1327 seruntur
382 1271 509 1326 subtilius.
545 1272 586 1325 Ex
608 1271 700 1341 quibus
725 1270 842 1340 quoniam
865 1274 994 1340 tamquam
1019 1290 1033 1326 e

239 1347 367 1418 scruposis
393 1346 493 1402 cotibus
517 1346 661 1417 enavigavit
685 1347 773 1410 oratio,
796 1346 898 1417 reliqum
922 1345 1034 1415 disputa-

238 1425 317 1480 tionis
335 1443 436 1480 cursum
455 1428 602 1479 teneamus:
622 1423 698 1478 modo
714 1424 776 1478 satis
794 1424 837 1478 illa
854 1423 962 1478 dilucide
980 1423 1033 1477 dix-

238 1502 333 1555 erimus
353 1519 397 1571 pro
415 1518 499 1554 rerum
517 1500 680 1555 obscuritate.
715 1502 746 1554 Δ.
761 1501 869 1554 Prorsus
887 1499 965 1554 satis:
988 1500 1033 1555 sed

239 1576 261 1631 si
280 1594 331 1647 qua
345 1576 492 1647 diligentius
510 1585 585 1629 erunt
603 1574 784 1646 cognoscenda,
797 1594 937 1646 quoeremus
956 1576 1032 1630 alias:

239 1671 308 1707 nunc
322 1652 382 1716 vela,
397 1670 453 1722 quae
466 1651 539 1705 modo
552 1651 659 1716 dicebas,
674 1658 848 1722 exspectamus
858 1656 884 1705 ct
896 1670 1005 1706 cursum.

275 1728 334 1783 XV.
353 1728 392 1782 M.
405 1726 514 1787 Quando
531 1732 557 1782 et
574 1728 628 1782 aliis
644 1728 706 1782 locis
723 1727 754 1781 de
766 1729 862 1782 virtute
877 1727 992 1790 diximus,
1006 1729 1032 1780 et
1042 1737 1073 1781 34

239 1822 307 1875 soepe
322 1802 455 1857 dicendum
467 1803 523 1869 erit,
534 1803 670 1873 (pleraeque
682 1803 748 1858 enim
762 1804 920 1872 questiones,
931 1821 988 1871 quac
1000 1801 1034 1855 ad

241 1881 319 1935 vitam
337 1896 470 1949 moresque
488 1879 624 1948 pertinent,
642 1896 657 1932 a
674 1878 777 1933 virtutis
796 1879 866 1932 sonte
885 1876 1032 1945 duountur‚)

239 1955 341 2027 quando
360 1954 439 2024 igitur
457 1956 538 2009 virtus
559 1960 600 2010 est
620 1955 719 2008 affectio
740 1954 817 2007 animi
836 1956 954 2008 constans
975 1969 1035 2005 con-

239 2032 402 2101 veniensque,
422 2030 559 2085 laudabiles
580 2030 691 2085 efficiens
713 2047 764 2092 eos,
783 2027 919 2097 inquibus
941 2031 988 2090 est,
1007 2032 1034 2080 et

238 2108 295 2176 ipsa
311 2124 357 2178 per
372 2124 400 2160 se
416 2124 463 2160 sua
478 2110 577 2176 sponte,
590 2108 706 2175 separata
724 2103 800 2158 etiam
816 2103 936 2166 utilitate,
950 2101 1034 2156 iauda-

239 2182 314 2237 bilis:
344 2199 376 2236 ex
399 2200 430 2236 ea
454 2182 647 2251 proficiscuntur
671 2180 784 2234 honestae
804 2179 955 2243 voluntates,
978 2196 1034 2232 sen·

239 2257 337 2322 tentiae,
349 2257 462 2311 actiones
478 2257 610 2327 omnisque
626 2260 697 2311 recta
713 2255 793 2309 ratio:
812 2272 963 2325 quamquam
980 2254 1034 2323 ipsa

239 2333 323 2387 virtus
339 2332 486 2389 brevissime
497 2333 644 2388 resturatio
656 2332 706 2387 diei
723 2335 815 2402 potest.
853 2333 939 2401 Hujus
956 2331 1034 2402 igitur

239 2408 344 2463 virtutis
361 2409 488 2463 contrarie
505 2413 545 2464 est
560 2409 693 2463 vitiositas.
730 2408 855 2464 Sicorim
872 2408 944 2473 malo,
958 2425 1033 2477 quam

239 2483 362 2539 maiitiam
379 2484 504 2555 appellare
522 2502 585 2549 eam,
603 2503 679 2554 quam
698 2483 780 2539 Graeci
798 2488 882 2538 κακίαν
898 2483 1032 2554 appellant.

239 2560 309 2615 Nam
324 2560 421 2615 malitia
436 2560 501 2615 certi
518 2560 649 2630 cujusdam
666 2560 723 2615 vitii
739 2577 832 2614 nomen
849 2565 896 2626 est,
908 2559 1033 2614 vitiositas

239 2637 361 2691 omnium.
383 2636 426 2705 Ex
438 2654 489 2707 qua
500 2636 660 2691 concitantur
671 2635 883 2706 perturbationes,
895 2652 951 2705 quae
963 2638 1032 2696 sunt,

239 2717 269 2766 ut
285 2710 371 2783 paullo
387 2715 447 2766 ante
459 2710 577 2775 diximus,
590 2710 687 2766 turbidi
705 2710 845 2765 animorum
863 2707 1034 2774 concitatique

239 2793 333 2855 motus,
348 2787 430 2842 aversi
446 2804 461 2841 a
478 2786 582 2853 ratione,
597 2792 623 2841 et
639 2786 806 2841 inimicissimi
822 2784 913 2838 mentis
926 2782 1036 2847 rituque
1056 2839 1059 2844 p

240 2862 388 2933 tranquilia.
427 2862 570 2933 important
587 2862 657 2921 enim
675 2860 850 2937 egritudines
865 2856 961 2913 aniius
974 2857 1061 2917 abque
