<?xml version="1.0" encoding="UTF-8"?>
<!DOCTYPE html PUBLIC "-//W3C//DTD XHTML 1.0 Transitional//EN"
    "http://www.w3.org/TR/xhtml1/DTD/xhtml1-transitional.dtd">
<html xmlns="http://www.w3.org/1999/xhtml" xml:lang="en" lang="en">
 <head>
  <title>
</title>
<meta http-equiv="Content-Type" content="text/html;charset=utf-8" />
  <meta name='ocr-system' content='tesseract 3.04.00' />
  <meta name='ocr-capabilities' content='ocr_page ocr_carea ocr_par ocr_line ocrx_word'/>
</head>
<body>
  <div class='ocr_page' id='page_1' title='image "./mtulliiciceroni09cicegoog/mtulliiciceroni09cicegoog_0095.png"; bbox 0 0 2634 3367; ppageno 0'>
   <div class='ocr_carea' id='block_1_1' title="bbox 486 337 1030 398">
    <p class='ocr_par' dir='ltr' id='par_1_1' title="bbox 486 337 1030 398">
     <span class='ocr_line' id='line_1_1' title="bbox 486 337 1030 398; baseline 0.004 -12"><span class='ocrx_word' id='word_1_1' title='bbox 486 338 554 388; x_wconf 89' lang='lat' dir='ltr'>LIB.</span> <span class='ocrx_word' id='word_1_2' title='bbox 573 337 629 388; x_wconf 90' lang='lat'>111.</span> <span class='ocrx_word' id='word_1_3' title='bbox 648 338 724 387; x_wconf 75' lang='lat' dir='ltr'>CAP.</span> <span class='ocrx_word' id='word_1_4' title='bbox 738 340 761 398; x_wconf 83' lang='grc'><strong>8,</strong></span> <span class='ocrx_word' id='word_1_5' title='bbox 774 340 797 388; x_wconf 81' lang='lat'><strong>9.</strong></span> <span class='ocrx_word' id='word_1_6' title='bbox 999 340 1030 388; x_wconf 78' lang='grc'><strong>89</strong></span> 
     </span>
    </p>
   </div>
   <div class='ocr_carea' id='block_1_2' title="bbox 234 444 1031 1191">
    <p class='ocr_par' dir='ltr' id='par_1_2' title="bbox 235 444 1031 966">
     <span class='ocr_line' id='line_1_2' title="bbox 239 444 1031 515; baseline 0.001 -16"><span class='ocrx_word' id='word_1_7' title='bbox 239 448 363 515; x_wconf 88' lang='lat' dir='ltr'><strong>putemur,</strong></span> <span class='ocrx_word' id='word_1_8' title='bbox 377 445 399 499; x_wconf 88' lang='lat' dir='ltr'><strong>si</strong></span> <span class='ocrx_word' id='word_1_9' title='bbox 415 444 451 499; x_wconf 89' lang='lat' dir='ltr'><strong>nil</strong></span> <span class='ocrx_word' id='word_1_10' title='bbox 467 444 513 512; x_wconf 83' lang='lat' dir='ltr'><strong>sit)</strong></span> <span class='ocrx_word' id='word_1_11' title='bbox 526 444 608 509; x_wconf 88' lang='lat' dir='ltr'><strong>abeo,</strong></span> <span class='ocrx_word' id='word_1_12' title='bbox 622 444 689 514; x_wconf 90' lang='lat' dir='ltr'><strong>quod</strong></span> <span class='ocrx_word' id='word_1_13' title='bbox 702 444 877 515; x_wconf 70' lang='lat' dir='ltr'><strong>nequidquam</strong></span> <span class='ocrx_word' id='word_1_14' title='bbox 889 448 929 500; x_wconf 91' lang='lat' dir='ltr'><strong>est</strong></span> <span class='ocrx_word' id='word_1_15' title='bbox 947 445 1031 501; x_wconf 84' lang='lat' dir='ltr'><strong>intuli</strong></span> 
     </span>
     <span class='ocr_line' id='line_1_3' title="bbox 239 520 1031 592; baseline 0.001 -17"><span class='ocrx_word' id='word_1_16' title='bbox 239 521 353 575; x_wconf 67' lang='lat' dir='ltr'><strong>homine:</strong></span> <span class='ocrx_word' id='word_1_17' title='bbox 372 539 404 574; x_wconf 84' lang='lat' dir='ltr'><strong>ex</strong></span> <span class='ocrx_word' id='word_1_18' title='bbox 416 538 467 590; x_wconf 90' lang='lat' dir='ltr'><strong>quo</strong></span> <span class='ocrx_word' id='word_1_19' title='bbox 483 520 549 575; x_wconf 91' lang='lat' dir='ltr'><strong>idem</strong></span> <span class='ocrx_word' id='word_1_20' title='bbox 562 521 642 573; x_wconf 74' lang='lat' dir='ltr'><strong>nihili</strong></span> <span class='ocrx_word' id='word_1_21' title='bbox 653 520 754 575; x_wconf 86' lang='lat' dir='ltr'><strong>dicitur.</strong></span> <span class='ocrx_word' id='word_1_22' title='bbox 791 520 841 586; x_wconf 85' lang='lat' dir='ltr'><strong>Qui</strong></span> <span class='ocrx_word' id='word_1_23' title='bbox 857 520 891 576; x_wconf 90' lang='lat' dir='ltr'><strong>sit</strong></span> <span class='ocrx_word' id='word_1_24' title='bbox 903 520 972 592; x_wconf 76' lang='lat' dir='ltr'><strong>frugi</strong></span> <span class='ocrx_word' id='word_1_25' title='bbox 983 522 1031 592; x_wconf 85' lang='lat' dir='ltr'><strong>igi-</strong></span> 
     </span>
     <span class='ocr_line' id='line_1_4' title="bbox 238 594 1030 665; baseline 0.004 -16"><span class='ocrx_word' id='word_1_26' title='bbox 238 603 287 659; x_wconf 81' lang='lat' dir='ltr'><strong>tur,</strong></span> <span class='ocrx_word' id='word_1_27' title='bbox 300 597 348 659; x_wconf 62' lang='lat' dir='ltr'><strong>vel.</strong></span> <span class='ocrx_word' id='word_1_28' title='bbox 362 595 384 649; x_wconf 85' lang='lat' dir='ltr'><strong>si</strong></span> <span class='ocrx_word' id='word_1_29' title='bbox 395 596 484 659; x_wconf 83' lang='lat' dir='ltr'><strong>maris,</strong></span> <span class='ocrx_word' id='word_1_30' title='bbox 497 594 643 649; x_wconf 80' lang='lat' dir='ltr'><strong>moderatus</strong></span> <span class='ocrx_word' id='word_1_31' title='bbox 655 601 683 649; x_wconf 90' lang='lat' dir='ltr'><strong>et</strong></span> <span class='ocrx_word' id='word_1_32' title='bbox 694 602 846 665; x_wconf 74' lang='lat' dir='ltr'><strong>temperans,</strong></span> <span class='ocrx_word' id='word_1_33' title='bbox 857 613 914 651; x_wconf 89' lang='lat' dir='ltr'><strong>eum</strong></span> <span class='ocrx_word' id='word_1_34' title='bbox 927 614 1030 652; x_wconf 77' lang='lat' dir='ltr'><strong>nemeae</strong></span> 
     </span>
     <span class='ocr_line' id='line_1_5' title="bbox 237 670 1030 743; baseline 0 -18"><span class='ocrx_word' id='word_1_35' title='bbox 237 676 276 725; x_wconf 87' lang='lat' dir='ltr'><strong>est</strong></span> <span class='ocrx_word' id='word_1_36' title='bbox 288 689 344 725; x_wconf 86' lang='lat' dir='ltr'><strong>esse</strong></span> <span class='ocrx_word' id='word_1_37' title='bbox 353 674 528 735; x_wconf 68' lang='lat' dir='ltr'><strong>constantem</strong></span> <span class='ocrx_word' id='word_1_38' title='bbox 547 670 592 741; x_wconf 87' lang='lat' dir='ltr'><strong>qui</strong></span> <span class='ocrx_word' id='word_1_39' title='bbox 604 674 689 725; x_wconf 88' lang='lat' dir='ltr'><strong>antem</strong></span> <span class='ocrx_word' id='word_1_40' title='bbox 701 675 828 737; x_wconf 84' lang='lat' dir='ltr'><strong>constans,</strong></span> <span class='ocrx_word' id='word_1_41' title='bbox 837 671 967 742; x_wconf 66' lang='lat' dir='ltr'><strong>quietum</strong></span> <span class='ocrx_word' id='word_1_42' title='bbox 986 673 1030 743; x_wconf 92' lang='lat' dir='ltr'><strong>qni</strong></span> 
     </span>
     <span class='ocr_line' id='line_1_6' title="bbox 237 745 1029 817; baseline 0.003 -18"><span class='ocrx_word' id='word_1_43' title='bbox 237 746 347 816; x_wconf 89' lang='lat' dir='ltr'><strong>quietus,</strong></span> <span class='ocrx_word' id='word_1_44' title='bbox 365 745 556 814; x_wconf 76' lang='lat' dir='ltr'>perturbatione</span> <span class='ocrx_word' id='word_1_45' title='bbox 568 746 637 800; x_wconf 92' lang='lat' dir='ltr'><strong>omni</strong></span> <span class='ocrx_word' id='word_1_46' title='bbox 648 762 772 799; x_wconf 88' lang='lat' dir='ltr'><strong>vacuum:</strong></span> <span class='ocrx_word' id='word_1_47' title='bbox 790 763 851 816; x_wconf 80' lang='lat' dir='ltr'><strong>ergo</strong></span> <span class='ocrx_word' id='word_1_48' title='bbox 863 747 940 801; x_wconf 85' lang='lat' dir='ltr'><strong>etiam</strong></span> <span class='ocrx_word' id='word_1_49' title='bbox 956 749 1029 817; x_wconf 70' lang='lat' dir='ltr'><strong>egri·</strong></span> 
     </span>
     <span class='ocr_line' id='line_1_7' title="bbox 235 820 1030 893; baseline 0.003 -18"><span class='ocrx_word' id='word_1_50' title='bbox 235 821 332 875; x_wconf 90' lang='lat' dir='ltr'><strong>tudine.</strong></span> <span class='ocrx_word' id='word_1_51' title='bbox 369 821 405 875; x_wconf 85' lang='lat' dir='ltr'><strong>Et</strong></span> <span class='ocrx_word' id='word_1_52' title='bbox 417 824 478 875; x_wconf 89' lang='lat' dir='ltr'><strong>sunt</strong></span> <span class='ocrx_word' id='word_1_53' title='bbox 490 820 532 875; x_wconf 92' lang='lat' dir='ltr'><strong>illa</strong></span> <span class='ocrx_word' id='word_1_54' title='bbox 544 820 681 890; x_wconf 83' lang='lat' dir='ltr'><strong>sapientis:</strong></span> <span class='ocrx_word' id='word_1_55' title='bbox 700 820 780 875; x_wconf 89' lang='lat' dir='ltr'><strong>aberit</strong></span> <span class='ocrx_word' id='word_1_56' title='bbox 796 821 876 892; x_wconf 78' lang='lat' dir='ltr'><strong>igitur</strong></span> <span class='ocrx_word' id='word_1_57' title='bbox 888 840 904 876; x_wconf 82' lang='lat' dir='ltr'><strong>e</strong></span> <span class='ocrx_word' id='word_1_58' title='bbox 915 823 1030 893; x_wconf 78' lang='lat' dir='ltr'><strong>sapiente</strong></span> 
     </span>
     <span class='ocr_line' id='line_1_8' title="bbox 237 895 370 966; baseline 0.008 -17"><span class='ocrx_word' id='word_1_59' title='bbox 237 895 370 966; x_wconf 70' lang='lat' dir='ltr'><strong>[egritudo.</strong></span> 
     </span>
    </p>

    <p class='ocr_par' dir='ltr' id='par_1_3' title="bbox 234 969 1030 1191">
     <span class='ocr_line' id='line_1_9' title="bbox 271 969 1030 1042; baseline 0.005 -18"><span class='ocrx_word' id='word_1_60' title='bbox 271 971 320 1024; x_wconf 88' lang='lat' dir='ltr'><strong>IX.</strong></span> <span class='ocrx_word' id='word_1_61' title='bbox 338 971 431 1041; x_wconf 86' lang='lat' dir='ltr'><strong>Itaque</strong></span> <span class='ocrx_word' id='word_1_62' title='bbox 446 988 499 1023; x_wconf 95' lang='lat' dir='ltr'><strong>non</strong></span> <span class='ocrx_word' id='word_1_63' title='bbox 514 970 605 1025; x_wconf 87' lang='lat' dir='ltr'><strong>inseite</strong></span> <span class='ocrx_word' id='word_1_64' title='bbox 616 969 783 1025; x_wconf 72' lang='lat' dir='ltr'>Heracleotes</span> <span class='ocrx_word' id='word_1_65' title='bbox 794 970 933 1042; x_wconf 77' lang='lat' dir='ltr'><strong>Dionysius</strong></span> <span class='ocrx_word' id='word_1_66' title='bbox 951 972 983 1027; x_wconf 83' lang='lat' dir='ltr'><strong>ed</strong></span> <span class='ocrx_word' id='word_1_67' title='bbox 999 991 1030 1028; x_wconf 85' lang='lat' dir='ltr'><strong>ea</strong></span> 
     </span>
     <span class='ocr_line' id='line_1_10' title="bbox 234 1044 1027 1117; baseline 0.004 -17"><span class='ocrx_word' id='word_1_68' title='bbox 234 1045 358 1116; x_wconf 84' lang='lat' dir='ltr'><strong>disputat,</strong></span> <span class='ocrx_word' id='word_1_69' title='bbox 374 1064 431 1117; x_wconf 80' lang='lat' dir='ltr'><strong>qun</strong></span> <span class='ocrx_word' id='word_1_70' title='bbox 451 1045 519 1116; x_wconf 75' lang='lat' dir='ltr'><strong>opud</strong></span> <span class='ocrx_word' id='word_1_71' title='bbox 540 1047 682 1100; x_wconf 80' lang='lat' dir='ltr'>Homerum</span> <span class='ocrx_word' id='word_1_72' title='bbox 699 1044 810 1100; x_wconf 82' lang='lat' dir='ltr'><strong>Achilles</strong></span> <span class='ocrx_word' id='word_1_73' title='bbox 831 1046 954 1117; x_wconf 87' lang='lat' dir='ltr'><strong>queritur,</strong></span> <span class='ocrx_word' id='word_1_74' title='bbox 971 1048 1027 1114; x_wconf 87' lang='lat' dir='ltr'><strong>hoe,</strong></span> 
     </span>
     <span class='ocr_line' id='line_1_11' title="bbox 234 1121 477 1191; baseline 0 -16"><span class='ocrx_word' id='word_1_75' title='bbox 234 1126 266 1175; x_wconf 92' lang='lat' dir='ltr'><strong>ut</strong></span> <span class='ocrx_word' id='word_1_76' title='bbox 278 1122 375 1191; x_wconf 86' lang='lat' dir='ltr'><strong>opinor,</strong></span> <span class='ocrx_word' id='word_1_77' title='bbox 386 1121 477 1175; x_wconf 84' lang='lat' dir='ltr'><strong>modo:</strong></span> 
     </span>
    </p>
   </div>
   <div class='ocr_carea' id='block_1_3' title="bbox 268 1245 982 1388">
    <p class='ocr_par' dir='ltr' id='par_1_4' title="bbox 268 1245 982 1388">
     <span class='ocr_line' id='line_1_12' title="bbox 270 1245 870 1310; baseline 0 -16"><span class='ocrx_word' id='word_1_78' title='bbox 270 1247 366 1309; x_wconf 88' lang='lat' dir='ltr'><strong>Corque</strong></span> <span class='ocrx_word' id='word_1_79' title='bbox 376 1262 459 1294; x_wconf 86' lang='lat' dir='ltr'><strong>meum</strong></span> <span class='ocrx_word' id='word_1_80' title='bbox 470 1246 566 1310; x_wconf 86' lang='lat' dir='ltr'><strong>penitus</strong></span> <span class='ocrx_word' id='word_1_81' title='bbox 576 1245 691 1309; x_wconf 77' lang='lat' dir='ltr'>turgescit</span> <span class='ocrx_word' id='word_1_82' title='bbox 701 1247 809 1295; x_wconf 83' lang='lat' dir='ltr'><strong>tristibus</strong></span> <span class='ocrx_word' id='word_1_83' title='bbox 820 1247 870 1305; x_wconf 87' lang='lat' dir='ltr'><strong>iris,</strong></span> 
     </span>
     <span class='ocr_line' id='line_1_13' title="bbox 268 1323 982 1388; baseline -0.001 -17"><span class='ocrx_word' id='word_1_84' title='bbox 268 1339 347 1386; x_wconf 89' lang='lat' dir='ltr'><strong>quum</strong></span> <span class='ocrx_word' id='word_1_85' title='bbox 358 1325 442 1373; x_wconf 89' lang='lat' dir='ltr'><strong>decore</strong></span> <span class='ocrx_word' id='word_1_86' title='bbox 453 1332 526 1388; x_wconf 78' lang='lat' dir='ltr'><strong>utque</strong></span> <span class='ocrx_word' id='word_1_87' title='bbox 537 1325 603 1372; x_wconf 90' lang='lat' dir='ltr'><strong>omni</strong></span> <span class='ocrx_word' id='word_1_88' title='bbox 613 1340 652 1372; x_wconf 90' lang='lat' dir='ltr'><strong>me</strong></span> <span class='ocrx_word' id='word_1_89' title='bbox 664 1325 774 1372; x_wconf 79' lang='lat' dir='ltr'><strong>orbatum</strong></span> <span class='ocrx_word' id='word_1_90' title='bbox 784 1324 856 1373; x_wconf 79' lang='lat' dir='ltr'><strong>leude</strong></span> <span class='ocrx_word' id='word_1_91' title='bbox 866 1323 982 1372; x_wconf 86' lang='lat' dir='ltr'><strong>recordor.</strong></span> 
     </span>
    </p>
   </div>
   <div class='ocr_carea' id='block_1_4' title="bbox 233 1430 1068 2766">
    <p class='ocr_par' dir='ltr' id='par_1_5' title="bbox 233 1430 1068 2766">
     <span class='ocr_line' id='line_1_14' title="bbox 234 1430 1068 1501; baseline 0 -15"><span class='ocrx_word' id='word_1_92' title='bbox 234 1432 309 1486; x_wconf 89' lang='lat' dir='ltr'><strong>Num</strong></span> <span class='ocrx_word' id='word_1_93' title='bbox 320 1450 409 1487; x_wconf 90' lang='lat' dir='ltr'><strong>manus</strong></span> <span class='ocrx_word' id='word_1_94' title='bbox 421 1432 512 1487; x_wconf 75' lang='lat' dir='ltr'><strong>effecta</strong></span> <span class='ocrx_word' id='word_1_95' title='bbox 522 1435 592 1487; x_wconf 88' lang='lat' dir='ltr'><strong>reote</strong></span> <span class='ocrx_word' id='word_1_96' title='bbox 604 1435 652 1495; x_wconf 85' lang='lat' dir='ltr'><strong>est,</strong></span> <span class='ocrx_word' id='word_1_97' title='bbox 665 1449 744 1501; x_wconf 91' lang='lat' dir='ltr'><strong>quum</strong></span> <span class='ocrx_word' id='word_1_98' title='bbox 754 1432 783 1486; x_wconf 91' lang='lat' dir='ltr'><strong>in</strong></span> <span class='ocrx_word' id='word_1_99' title='bbox 794 1436 893 1486; x_wconf 89' lang='lat' dir='ltr'><strong>tumore</strong></span> <span class='ocrx_word' id='word_1_100' title='bbox 905 1430 965 1485; x_wconf 79' lang='lat' dir='ltr'><strong>esti</strong></span> <span class='ocrx_word' id='word_1_101' title='bbox 983 1432 1027 1484; x_wconf 89' lang='lat' dir='ltr'><strong>aut</strong></span> <span class='ocrx_word' id='word_1_102' title='bbox 1039 1438 1068 1486; x_wconf 76' lang='lat' dir='ltr'><strong>lt</strong></span> 
     </span>
     <span class='ocr_line' id='line_1_15' title="bbox 235 1505 1028 1578; baseline -0.003 -17"><span class='ocrx_word' id='word_1_103' title='bbox 235 1526 299 1561; x_wconf 91' lang='lat' dir='ltr'><strong>num</strong></span> <span class='ocrx_word' id='word_1_104' title='bbox 317 1507 384 1561; x_wconf 88' lang='lat' dir='ltr'><strong>uliud</strong></span> <span class='ocrx_word' id='word_1_105' title='bbox 397 1507 532 1578; x_wconf 85' lang='lat' dir='ltr'><strong>quodpiam</strong></span> <span class='ocrx_word' id='word_1_106' title='bbox 549 1507 690 1564; x_wconf 84' lang='lat' dir='ltr'>membrum</span> <span class='ocrx_word' id='word_1_107' title='bbox 707 1507 833 1562; x_wconf 88' lang='lat' dir='ltr'><strong>tumidum</strong></span> <span class='ocrx_word' id='word_1_108' title='bbox 850 1524 880 1561; x_wconf 86' lang='lat' dir='ltr'><strong>ao</strong></span> <span class='ocrx_word' id='word_1_109' title='bbox 896 1505 1028 1576; x_wconf 77' lang='lat' dir='ltr'><strong>turgidum</strong></span> 
     </span>
     <span class='ocr_line' id='line_1_16' title="bbox 235 1582 1028 1654; baseline -0.001 -18"><span class='ocrx_word' id='word_1_110' title='bbox 235 1601 288 1637; x_wconf 93' lang='lat' dir='ltr'><strong>non</strong></span> <span class='ocrx_word' id='word_1_111' title='bbox 306 1584 396 1637; x_wconf 87' lang='lat' dir='ltr'><strong>vitiose</strong></span> <span class='ocrx_word' id='word_1_112' title='bbox 415 1601 443 1637; x_wconf 88' lang='lat' dir='ltr'><strong>se</strong></span> <span class='ocrx_word' id='word_1_113' title='bbox 463 1582 560 1639; x_wconf 78' lang='lat' dir='ltr'><strong>habeti</strong></span> <span class='ocrx_word' id='word_1_114' title='bbox 597 1584 639 1637; x_wconf 83' lang='lat' dir='ltr'><strong>Sic</strong></span> <span class='ocrx_word' id='word_1_115' title='bbox 658 1583 739 1654; x_wconf 82' lang='lat' dir='ltr'><strong>igitur</strong></span> <span class='ocrx_word' id='word_1_116' title='bbox 756 1584 859 1637; x_wconf 82' lang='lat' dir='ltr'><strong>inflatus</strong></span> <span class='ocrx_word' id='word_1_117' title='bbox 880 1586 906 1637; x_wconf 90' lang='lat' dir='ltr'><strong>et</strong></span> <span class='ocrx_word' id='word_1_118' title='bbox 926 1585 1028 1636; x_wconf 82' lang='lat' dir='ltr'><strong>tumens</strong></span> 
     </span>
     <span class='ocr_line' id='line_1_17' title="bbox 235 1657 1029 1729; baseline -0.001 -17"><span class='ocrx_word' id='word_1_119' title='bbox 235 1659 335 1712; x_wconf 85' lang='lat' dir='ltr'><strong>animus</strong></span> <span class='ocrx_word' id='word_1_120' title='bbox 356 1658 383 1712; x_wconf 91' lang='lat' dir='ltr'><strong>in</strong></span> <span class='ocrx_word' id='word_1_121' title='bbox 400 1658 463 1713; x_wconf 86' lang='lat' dir='ltr'><strong>vitio</strong></span> <span class='ocrx_word' id='word_1_122' title='bbox 481 1663 528 1714; x_wconf 84' lang='lat' dir='ltr'><strong>est.</strong></span> <span class='ocrx_word' id='word_1_123' title='bbox 565 1659 692 1729; x_wconf 84' lang='lat' dir='ltr'><strong>Sapientis</strong></span> <span class='ocrx_word' id='word_1_124' title='bbox 711 1662 796 1713; x_wconf 89' lang='lat' dir='ltr'><strong>autem</strong></span> <span class='ocrx_word' id='word_1_125' title='bbox 814 1657 911 1713; x_wconf 84' lang='lat' dir='ltr'><strong>animus</strong></span> <span class='ocrx_word' id='word_1_126' title='bbox 930 1674 1029 1727; x_wconf 88' lang='lat' dir='ltr'><strong>semper</strong></span> 
     </span>
     <span class='ocr_line' id='line_1_18' title="bbox 234 1734 1028 1805; baseline -0.001 -18"><span class='ocrx_word' id='word_1_127' title='bbox 234 1738 310 1788; x_wconf 85' lang='lat' dir='ltr'><strong>vacat</strong></span> <span class='ocrx_word' id='word_1_128' title='bbox 324 1734 394 1799; x_wconf 82' lang='lat' dir='ltr'><strong>vitio,</strong></span> <span class='ocrx_word' id='word_1_129' title='bbox 412 1752 548 1805; x_wconf 88' lang='lat' dir='ltr'><strong>numquam</strong></span> <span class='ocrx_word' id='word_1_130' title='bbox 564 1735 697 1805; x_wconf 81' lang='lat' dir='ltr'><strong>turgescit,</strong></span> <span class='ocrx_word' id='word_1_131' title='bbox 713 1751 849 1804; x_wconf 86' lang='lat' dir='ltr'><strong>numquam</strong></span> <span class='ocrx_word' id='word_1_132' title='bbox 864 1736 956 1787; x_wconf 86' lang='lat' dir='ltr'><strong>tumet.</strong></span> <span class='ocrx_word' id='word_1_133' title='bbox 991 1734 1028 1786; x_wconf 88' lang='lat' dir='ltr'><strong>At</strong></span> 
     </span>
     <span class='ocr_line' id='line_1_19' title="bbox 234 1807 1028 1879; baseline -0.003 -16"><span class='ocrx_word' id='word_1_134' title='bbox 234 1808 296 1863; x_wconf 90' lang='lat' dir='ltr'><strong>irati</strong></span> <span class='ocrx_word' id='word_1_135' title='bbox 319 1810 417 1864; x_wconf 89' lang='lat' dir='ltr'><strong>animus</strong></span> <span class='ocrx_word' id='word_1_136' title='bbox 440 1809 565 1878; x_wconf 89' lang='lat' dir='ltr'><strong>ejusmodi</strong></span> <span class='ocrx_word' id='word_1_137' title='bbox 588 1815 643 1865; x_wconf 90' lang='lat' dir='ltr'><strong>est:</strong></span> <span class='ocrx_word' id='word_1_138' title='bbox 667 1827 805 1879; x_wconf 88' lang='lat' dir='ltr'><strong>numquam</strong></span> <span class='ocrx_word' id='word_1_139' title='bbox 828 1808 909 1878; x_wconf 78' lang='lat' dir='ltr'><strong>igitur</strong></span> <span class='ocrx_word' id='word_1_140' title='bbox 928 1807 1028 1875; x_wconf 85' lang='lat' dir='ltr'><strong>sapiens</strong></span> 
     </span>
     <span class='ocr_line' id='line_1_20' title="bbox 234 1882 1029 1951; baseline -0.006 -11"><span class='ocrx_word' id='word_1_141' title='bbox 234 1884 363 1940; x_wconf 75' lang='lat' dir='ltr'><strong>irascitur.</strong></span> <span class='ocrx_word' id='word_1_142' title='bbox 398 1886 467 1940; x_wconf 84' lang='lat' dir='ltr'><strong>Nam</strong></span> <span class='ocrx_word' id='word_1_143' title='bbox 487 1886 510 1940; x_wconf 85' lang='lat' dir='ltr'><strong>si</strong></span> <span class='ocrx_word' id='word_1_144' title='bbox 530 1886 655 1951; x_wconf 86' lang='lat' dir='ltr'><strong>irascitur,</strong></span> <span class='ocrx_word' id='word_1_145' title='bbox 673 1886 750 1939; x_wconf 90' lang='lat' dir='ltr'><strong>etiam</strong></span> <span class='ocrx_word' id='word_1_146' title='bbox 767 1882 932 1951; x_wconf 86' lang='lat' dir='ltr'><strong>concupiscit.</strong></span> <span class='ocrx_word' id='word_1_147' title='bbox 966 1882 1029 1936; x_wconf 90' lang='lat' dir='ltr'><strong>Pro-</strong></span> 
     </span>
     <span class='ocr_line' id='line_1_21' title="bbox 234 1955 1029 2030; baseline -0.006 -15"><span class='ocrx_word' id='word_1_148' title='bbox 234 1961 320 2030; x_wconf 88' lang='lat' dir='ltr'><strong>prium</strong></span> <span class='ocrx_word' id='word_1_149' title='bbox 337 1966 378 2015; x_wconf 86' lang='lat' dir='ltr'><strong>est</strong></span> <span class='ocrx_word' id='word_1_150' title='bbox 395 1961 463 2015; x_wconf 90' lang='lat' dir='ltr'><strong>enim</strong></span> <span class='ocrx_word' id='word_1_151' title='bbox 478 1960 538 2014; x_wconf 84' lang='lat' dir='ltr'><strong>irati</strong></span> <span class='ocrx_word' id='word_1_152' title='bbox 555 1978 655 2030; x_wconf 86' lang='lat' dir='ltr'><strong>cupere,</strong></span> <span class='ocrx_word' id='word_1_153' title='bbox 670 1978 686 2013; x_wconf 90' lang='lat' dir='ltr'><strong>a</strong></span> <span class='ocrx_word' id='word_1_154' title='bbox 702 1976 753 2030; x_wconf 91' lang='lat' dir='ltr'><strong>quo</strong></span> <span class='ocrx_word' id='word_1_155' title='bbox 770 1958 845 2013; x_wconf 78' lang='lat' dir='ltr'><strong>lusus</strong></span> <span class='ocrx_word' id='word_1_156' title='bbox 862 1955 985 2021; x_wconf 86' lang='lat' dir='ltr'><strong>rideatur,</strong></span> <span class='ocrx_word' id='word_1_157' title='bbox 1005 1957 1029 2011; x_wconf 86' lang='lat' dir='ltr'><strong>ei</strong></span> 
     </span>
     <span class='ocr_line' id='line_1_22' title="bbox 235 2030 1028 2105; baseline -0.005 -16"><span class='ocrx_word' id='word_1_158' title='bbox 235 2054 312 2105; x_wconf 91' lang='lat' dir='ltr'><strong>quam</strong></span> <span class='ocrx_word' id='word_1_159' title='bbox 330 2036 466 2090; x_wconf 79' lang='lat' dir='ltr'><strong>maximum</strong></span> <span class='ocrx_word' id='word_1_160' title='bbox 480 2035 593 2090; x_wconf 89' lang='lat' dir='ltr'><strong>dolorem</strong></span> <span class='ocrx_word' id='word_1_161' title='bbox 610 2035 718 2089; x_wconf 88' lang='lat' dir='ltr'><strong>inurere.</strong></span> <span class='ocrx_word' id='word_1_162' title='bbox 755 2034 809 2095; x_wconf 85' lang='lat' dir='ltr'><strong>Qui</strong></span> <span class='ocrx_word' id='word_1_163' title='bbox 826 2036 911 2086; x_wconf 88' lang='lat' dir='ltr'><strong>autem</strong></span> <span class='ocrx_word' id='word_1_164' title='bbox 928 2030 955 2086; x_wconf 90' lang='lat' dir='ltr'><strong>id</strong></span> <span class='ocrx_word' id='word_1_165' title='bbox 970 2048 1028 2086; x_wconf 89' lang='lat' dir='ltr'><strong>oon·</strong></span> 
     </span>
     <span class='ocr_line' id='line_1_23' title="bbox 235 2107 1028 2180; baseline -0.004 -15"><span class='ocrx_word' id='word_1_166' title='bbox 235 2111 352 2180; x_wconf 86' lang='lat' dir='ltr'><strong>cupierit,</strong></span> <span class='ocrx_word' id='word_1_167' title='bbox 367 2129 425 2165; x_wconf 90' lang='lat' dir='ltr'><strong>eum</strong></span> <span class='ocrx_word' id='word_1_168' title='bbox 442 2128 545 2165; x_wconf 82' lang='lat' dir='ltr'><strong>neeesse</strong></span> <span class='ocrx_word' id='word_1_169' title='bbox 562 2113 610 2174; x_wconf 79' lang='lat' dir='ltr'><strong>est,</strong></span> <span class='ocrx_word' id='word_1_170' title='bbox 627 2110 650 2164; x_wconf 85' lang='lat' dir='ltr'><strong>si</strong></span> <span class='ocrx_word' id='word_1_171' title='bbox 667 2109 694 2163; x_wconf 89' lang='lat' dir='ltr'><strong>id</strong></span> <span class='ocrx_word' id='word_1_172' title='bbox 711 2111 862 2163; x_wconf 87' lang='lat' dir='ltr'><strong>consecutus</strong></span> <span class='ocrx_word' id='word_1_173' title='bbox 880 2107 922 2173; x_wconf 83' lang='lat' dir='ltr'><strong>ait,</strong></span> <span class='ocrx_word' id='word_1_174' title='bbox 936 2123 1028 2177; x_wconf 75' lang='lat' dir='ltr'><strong>magno</strong></span> 
     </span>
     <span class='ocr_line' id='line_1_24' title="bbox 234 2181 1029 2256; baseline -0.004 -17"><span class='ocrx_word' id='word_1_175' title='bbox 234 2203 312 2255; x_wconf 91' lang='lat' dir='ltr'><strong>opere</strong></span> <span class='ocrx_word' id='word_1_176' title='bbox 323 2185 411 2240; x_wconf 74' lang='lat' dir='ltr'><strong>letari.</strong></span> <span class='ocrx_word' id='word_1_177' title='bbox 435 2186 476 2240; x_wconf 82' lang='lat' dir='ltr'><strong>Ex</strong></span> <span class='ocrx_word' id='word_1_178' title='bbox 488 2204 539 2256; x_wconf 90' lang='lat' dir='ltr'><strong>quo</strong></span> <span class='ocrx_word' id='word_1_179' title='bbox 550 2186 587 2250; x_wconf 87' lang='lat' dir='ltr'><strong>fit,</strong></span> <span class='ocrx_word' id='word_1_180' title='bbox 599 2191 631 2240; x_wconf 89' lang='lat' dir='ltr'><strong>nt</strong></span> <span class='ocrx_word' id='word_1_181' title='bbox 642 2184 724 2239; x_wconf 81' lang='lat' dir='ltr'><strong>alieno</strong></span> <span class='ocrx_word' id='word_1_182' title='bbox 735 2183 802 2237; x_wconf 87' lang='lat' dir='ltr'><strong>mulo</strong></span> <span class='ocrx_word' id='word_1_183' title='bbox 813 2181 931 2254; x_wconf 82' lang='lat' dir='ltr'><strong>gaudeat.</strong></span> <span class='ocrx_word' id='word_1_184' title='bbox 954 2182 1029 2247; x_wconf 82' lang='lat' dir='ltr'><strong>Quod</strong></span> 
     </span>
     <span class='ocr_line' id='line_1_25' title="bbox 235 2257 1028 2330; baseline -0.003 -16"><span class='ocrx_word' id='word_1_185' title='bbox 235 2261 354 2329; x_wconf 87' lang='lat' dir='ltr'><strong>quoniam</strong></span> <span class='ocrx_word' id='word_1_186' title='bbox 366 2279 417 2315; x_wconf 93' lang='lat' dir='ltr'><strong>non</strong></span> <span class='ocrx_word' id='word_1_187' title='bbox 428 2261 496 2316; x_wconf 86' lang='lat' dir='ltr'><strong>cadit</strong></span> <span class='ocrx_word' id='word_1_188' title='bbox 507 2262 535 2316; x_wconf 92' lang='lat' dir='ltr'><strong>in</strong></span> <span class='ocrx_word' id='word_1_189' title='bbox 546 2261 693 2330; x_wconf 85' lang='lat' dir='ltr'><strong>sapientem,</strong></span> <span class='ocrx_word' id='word_1_190' title='bbox 705 2277 738 2314; x_wconf 89' lang='lat' dir='ltr'><strong>ne</strong></span> <span class='ocrx_word' id='word_1_191' title='bbox 750 2261 780 2313; x_wconf 91' lang='lat' dir='ltr'><strong>ut</strong></span> <span class='ocrx_word' id='word_1_192' title='bbox 791 2258 915 2313; x_wconf 80' lang='lat' dir='ltr'><strong>irascatur</strong></span> <span class='ocrx_word' id='word_1_193' title='bbox 927 2257 1028 2327; x_wconf 88' lang='lat' dir='ltr'><strong>quidem</strong></span> 
     </span>
     <span class='ocr_line' id='line_1_26' title="bbox 234 2332 1028 2403; baseline -0.003 -14"><span class='ocrx_word' id='word_1_194' title='bbox 234 2335 312 2389; x_wconf 83' lang='lat' dir='ltr'><strong>ondit.</strong></span> <span class='ocrx_word' id='word_1_195' title='bbox 349 2336 394 2389; x_wconf 85' lang='lat' dir='ltr'><strong>Sin</strong></span> <span class='ocrx_word' id='word_1_196' title='bbox 411 2340 496 2391; x_wconf 91' lang='lat' dir='ltr'><strong>autem</strong></span> <span class='ocrx_word' id='word_1_197' title='bbox 514 2336 616 2391; x_wconf 85' lang='lat' dir='ltr'><strong>cuderet</strong></span> <span class='ocrx_word' id='word_1_198' title='bbox 633 2336 660 2389; x_wconf 88' lang='lat' dir='ltr'><strong>in</strong></span> <span class='ocrx_word' id='word_1_199' title='bbox 680 2335 818 2403; x_wconf 84' lang='lat' dir='ltr'><strong>sapientem</strong></span> <span class='ocrx_word' id='word_1_200' title='bbox 836 2332 968 2403; x_wconf 68' lang='lat' dir='ltr'><strong>egritudo,</strong></span> <span class='ocrx_word' id='word_1_201' title='bbox 987 2351 1028 2388; x_wconf 86' lang='lat' dir='ltr'><strong>ca-</strong></span> 
     </span>
     <span class='ocr_line' id='line_1_27' title="bbox 235 2408 1027 2481; baseline -0.003 -17"><span class='ocrx_word' id='word_1_202' title='bbox 235 2409 308 2465; x_wconf 86' lang='lat' dir='ltr'><strong>deret</strong></span> <span class='ocrx_word' id='word_1_203' title='bbox 320 2411 395 2465; x_wconf 86' lang='lat' dir='ltr'><strong>etiem</strong></span> <span class='ocrx_word' id='word_1_204' title='bbox 407 2411 545 2466; x_wconf 71' lang='lat' dir='ltr'><strong>uacnndia</strong></span> <span class='ocrx_word' id='word_1_205' title='bbox 582 2412 642 2469; x_wconf 77' lang='lat' dir='ltr'><strong>Qua</strong></span> <span class='ocrx_word' id='word_1_206' title='bbox 654 2410 772 2481; x_wconf 89' lang='lat' dir='ltr'><strong>quoniam</strong></span> <span class='ocrx_word' id='word_1_207' title='bbox 783 2412 864 2473; x_wconf 85' lang='lat' dir='ltr'><strong>vacat,</strong></span> <span class='ocrx_word' id='word_1_208' title='bbox 877 2408 1027 2479; x_wconf 81' lang='lat' dir='ltr'><strong>egritudine</strong></span> 
     </span>
     <span class='ocr_line' id='line_1_28' title="bbox 234 2483 1067 2556; baseline 0 -17"><span class='ocrx_word' id='word_1_209' title='bbox 234 2486 312 2540; x_wconf 89' lang='lat' dir='ltr'><strong>etiam</strong></span> <span class='ocrx_word' id='word_1_210' title='bbox 330 2486 437 2541; x_wconf 83' lang='lat' dir='ltr'><strong>vacabit.</strong></span> <span class='ocrx_word' id='word_1_211' title='bbox 472 2486 575 2541; x_wconf 84' lang='lat' dir='ltr'><strong>Etenim</strong></span> <span class='ocrx_word' id='word_1_212' title='bbox 592 2485 615 2539; x_wconf 89' lang='lat' dir='ltr'><strong>si</strong></span> <span class='ocrx_word' id='word_1_213' title='bbox 632 2486 732 2556; x_wconf 83' lang='lat' dir='ltr'><strong>sapiens</strong></span> <span class='ocrx_word' id='word_1_214' title='bbox 750 2485 777 2538; x_wconf 92' lang='lat' dir='ltr'><strong>in</strong></span> <span class='ocrx_word' id='word_1_215' title='bbox 796 2483 971 2554; x_wconf 72' lang='lat' dir='ltr'><strong>egritudinem</strong></span> <span class='ocrx_word' id='word_1_216' title='bbox 989 2484 1027 2537; x_wconf 91' lang='lat' dir='ltr'><strong>in·</strong></span> <span class='ocrx_word' id='word_1_217' title='bbox 1036 2495 1067 2539; x_wconf 84' lang='lat'><strong>20</strong></span> 
     </span>
     <span class='ocr_line' id='line_1_29' title="bbox 234 2560 1028 2633; baseline -0.005 -16"><span class='ocrx_word' id='word_1_218' title='bbox 234 2562 319 2617; x_wconf 89' lang='lat' dir='ltr'><strong>cidere</strong></span> <span class='ocrx_word' id='word_1_219' title='bbox 331 2567 417 2633; x_wconf 86' lang='lat' dir='ltr'><strong>posset</strong></span> <span class='ocrx_word' id='word_1_220' title='bbox 424 2586 432 2629; x_wconf 91' lang='lat'>;</span> <span class='ocrx_word' id='word_1_221' title='bbox 450 2566 537 2632; x_wconf 87' lang='lat' dir='ltr'><strong>posset</strong></span> <span class='ocrx_word' id='word_1_222' title='bbox 553 2562 630 2616; x_wconf 87' lang='lat' dir='ltr'><strong>etiam</strong></span> <span class='ocrx_word' id='word_1_223' title='bbox 646 2562 673 2615; x_wconf 94' lang='lat' dir='ltr'><strong>in</strong></span> <span class='ocrx_word' id='word_1_224' title='bbox 685 2560 889 2624; x_wconf 84' lang='lat' dir='ltr'><strong>misericordiam,</strong></span> <span class='ocrx_word' id='word_1_225' title='bbox 902 2563 989 2629; x_wconf 85' lang='lat' dir='ltr'><strong>posset</strong></span> <span class='ocrx_word' id='word_1_226' title='bbox 1001 2561 1028 2613; x_wconf 89' lang='lat' dir='ltr'><strong>in</strong></span> 
     </span>
     <span class='ocr_line' id='line_1_30' title="bbox 233 2635 1027 2706; baseline -0.006 -15"><span class='ocrx_word' id='word_1_227' title='bbox 233 2635 406 2691; x_wconf 83' lang='lat' dir='ltr'><strong>invidentiam.</strong></span> <span class='ocrx_word' id='word_1_228' title='bbox 442 2638 502 2691; x_wconf 90' lang='lat' dir='ltr'><strong>Non</strong></span> <span class='ocrx_word' id='word_1_229' title='bbox 520 2637 573 2690; x_wconf 82' lang='lat' dir='ltr'><strong>dixi</strong></span> <span class='ocrx_word' id='word_1_230' title='bbox 589 2636 717 2701; x_wconf 83' lang='lat' dir='ltr'><strong>invidiam,</strong></span> <span class='ocrx_word' id='word_1_231' title='bbox 736 2654 792 2706; x_wconf 78' lang='lat' dir='ltr'><strong>quae</strong></span> <span class='ocrx_word' id='word_1_232' title='bbox 809 2638 865 2689; x_wconf 87' lang='lat' dir='ltr'><strong>turn</strong></span> <span class='ocrx_word' id='word_1_233' title='bbox 882 2640 929 2698; x_wconf 87' lang='lat' dir='ltr'><strong>est,</strong></span> <span class='ocrx_word' id='word_1_234' title='bbox 949 2652 1027 2704; x_wconf 90' lang='lat' dir='ltr'><strong>quum</strong></span> 
     </span>
     <span class='ocr_line' id='line_1_31' title="bbox 233 2705 1029 2766; baseline -0.009 0"><span class='ocrx_word' id='word_1_235' title='bbox 233 2711 378 2766; x_wconf 87' lang='lat' dir='ltr'><strong>invidetur:</strong></span> <span class='ocrx_word' id='word_1_236' title='bbox 403 2711 435 2765; x_wconf 90' lang='lat' dir='ltr'><strong>ab</strong></span> <span class='ocrx_word' id='word_1_237' title='bbox 458 2712 593 2766; x_wconf 86' lang='lat' dir='ltr'><strong>invidendo</strong></span> <span class='ocrx_word' id='word_1_238' title='bbox 617 2717 704 2765; x_wconf 89' lang='lat' dir='ltr'><strong>antem</strong></span> <span class='ocrx_word' id='word_1_239' title='bbox 727 2709 866 2765; x_wconf 87' lang='lat' dir='ltr'><strong>invidentia</strong></span> <span class='ocrx_word' id='word_1_240' title='bbox 888 2712 957 2762; x_wconf 86' lang='lat' dir='ltr'><strong>recte</strong></span> <span class='ocrx_word' id='word_1_241' title='bbox 978 2705 1029 2759; x_wconf 89' lang='lat' dir='ltr'><strong>dici</strong></span> 
     </span>
    </p>
   </div>
   <div class='ocr_carea' id='block_1_5' title="bbox 208 2777 1130 3013">
    <p class='ocr_par' dir='ltr' id='par_1_6' title="bbox 208 2777 1130 3013">
     <span class='ocr_line' id='line_1_32' title="bbox 234 2777 1051 2859; baseline -0.017 -19"><span class='ocrx_word' id='word_1_242' title='bbox 234 2790 372 2856; x_wconf 71' lang='lat' dir='ltr'><strong>potestat</strong></span> <span class='ocrx_word' id='word_1_243' title='bbox 390 2787 539 2856; x_wconf 86' lang='lat' dir='ltr'><strong>effugiamus</strong></span> <span class='ocrx_word' id='word_1_244' title='bbox 557 2785 705 2859; x_wconf 80' lang='lat' dir='ltr'><strong>ambignum</strong></span> <span class='ocrx_word' id='word_1_245' title='bbox 719 2803 820 2841; x_wconf 81' lang='lat' dir='ltr'><strong>nornen</strong></span> <span class='ocrx_word' id='word_1_246' title='bbox 828 2782 958 2841; x_wconf 45' lang='lat' dir='ltr'><strong>&#39;initurus</strong></span> <span class='ocrx_word' id='word_1_247' title='bbox 971 2777 1051 2856; x_wconf 52' lang='lat' dir='ltr'><strong>eppo</strong></span> 
     </span>
     <span class='ocr_line' id='line_1_33' title="bbox 233 2852 1076 2923; baseline -0.027 -10"><span class='ocrx_word' id='word_1_248' title='bbox 233 2861 334 2913; x_wconf 74' lang='lat' dir='ltr'><strong>verbnm</strong></span> <span class='ocrx_word' id='word_1_249' title='bbox 347 2864 452 2916; x_wconf 85' lang='lat' dir='ltr'><strong>ductam</strong></span> <span class='ocrx_word' id='word_1_250' title='bbox 466 2868 507 2919; x_wconf 80' lang='lat' dir='ltr'><strong>est</strong></span> <span class='ocrx_word' id='word_1_251' title='bbox 520 2865 629 2922; x_wconf 76' lang='lat' dir='ltr'><strong>animis</strong></span> <span class='ocrx_word' id='word_1_252' title='bbox 643 2864 781 2923; x_wconf 66' lang='lat' dir='ltr'><strong>intuendo</strong></span> <span class='ocrx_word' id='word_1_253' title='bbox 790 2863 937 2918; x_wconf 69' lang='lat' dir='ltr'><strong>iostunsux</strong></span> <span class='ocrx_word' id='word_1_254' title='bbox 943 2852 1076 2904; x_wconf 57' lang='lat' dir='ltr'><strong>piterius,</strong></span> 
     </span>
     <span class='ocr_line' id='line_1_34' title="bbox 208 2935 1130 3013; baseline -0.014 -29"><span class='ocrx_word' id='word_1_255' title='bbox 208 2966 209 2969; x_wconf 62' lang='lat'><em>=</em></span> <span class='ocrx_word' id='word_1_256' title='bbox 221 2937 252 2984; x_wconf 69' lang='lat' dir='ltr'><strong>tlt</strong></span> <span class='ocrx_word' id='word_1_257' title='bbox 260 2940 302 2987; x_wconf 61' lang='grc' dir='ltr'><strong>θεὲ</strong></span> <span class='ocrx_word' id='word_1_258' title='bbox 311 2935 338 2987; x_wconf 81' lang='grc'><strong>1’11</strong></span> <span class='ocrx_word' id='word_1_259' title='bbox 350 2936 515 3013; x_wconf 68' lang='lat' dir='ltr'><strong>Melanippa,</strong></span> <span class='ocrx_word' id='word_1_260' title='bbox 1105 2949 1110 2953; x_wconf 93' lang='lat'>·</span> <span class='ocrx_word' id='word_1_261' title='bbox 1127 2946 1130 2950; x_wconf 93' lang='lat'>·</span> 
     </span>
    </p>
   </div>
   <div class='ocr_carea' id='block_1_6' title="bbox 0 0 1322 3367">
    <p class='ocr_par' dir='ltr' id='par_1_7' title="bbox 0 0 1322 3367">
     <span class='ocr_line' id='line_1_35' title="bbox 0 0 1322 3367; baseline 0 2"><span class='ocrx_word' id='word_1_262' title='bbox 0 0 1322 3367; x_wconf 95' lang='lat' dir='ltr'><strong> </strong></span> 
     </span>
    </p>
   </div>
  </div>
 </body>
</html>
