2634 3367
280 324 328 371 144
418 322 931 371 TUSCULAN.DlSPUTAT10NUM

278 428 382 494 curatio,
396 432 422 483 et
434 430 492 483 talis
504 430 613 500 quidem,
627 449 684 500 quae
701 431 782 501 possit
798 449 855 485 esse
867 432 981 486 omnium

278 503 309 557 de
327 506 417 558 ceteris
435 504 510 558 rebus
528 505 724 575 discrepantium
742 506 957 577 philosophorum.

278 597 366 633 omnes
378 580 444 633 enim
456 581 589 635 convenire
601 587 711 651 oportet,
724 584 904 637 commotiones
922 582 984 637 anim

278 672 294 707 a
313 659 383 709 recta
400 656 497 709 ratione
519 675 626 721 aversas,
646 676 702 711 esse
719 658 831 724 vitiosas,
850 662 889 723 ut,
908 658 984 712 etiam

277 730 343 783 mala
354 731 406 784 sint
418 731 467 795 illa,
481 750 536 802 quoe
548 737 642 786 metum
659 734 875 803 aegritudinemve,
888 740 915 787 et
928 734 984 789 bom

276 805 441 876 cupiditatem
457 806 602 861 laetitiamve
618 815 743 873 moveant,
756 813 842 863 tamen
859 810 893 864 sit
905 810 984 864 vitiosi

277 883 420 936 commotio.
456 882 619 937 Constantem
642 884 708 938 euim
731 884 861 955 quemdam
884 884 984 939 volumu

277 956 372 1023 datum,
386 976 498 1029 gravem,
514 959 624 1013 humana
640 960 724 1013 omnia
741 964 897 1030 prementem
915 960 984 1015 illum

276 1051 353 1103 quem
373 1034 560 1105 magnanimum
583 1038 610 1088 et
633 1036 724 1089 fortem
745 1036 828 1089 virum
849 1036 963 1091 dicimus.

276 1112 360 1163 autem
373 1128 420 1165 nec
432 1129 537 1165 maereus
549 1128 596 1165 nec
612 1111 704 1164 timens
721 1128 767 1165 nec
780 1111 884 1180 cupiens
896 1129 943 1166 nec
955 1130 984 1181 ge

276 1204 332 1241 esse
356 1188 487 1258 quisquam
511 1190 604 1256 potest.
641 1187 737 1240 Eorum
761 1187 827 1240 enim
851 1187 905 1241 hacc
929 1196 984 1241 suut

276 1268 382 1317 eventus
403 1264 525 1318 humanos
548 1262 699 1333 superiores,
718 1280 793 1333 quam
815 1280 874 1316 suos
894 1262 984 1318 animos

276 1338 381 1394 ducunt.

235 1427 276 1473 62·
310 1415 410 1470 XXIX.
429 1416 515 1474 Quare
532 1415 643 1469 omnium
661 1414 874 1485 philosophorum,
887 1418 917 1467 ut
934 1418 984 1469 anti

274 1508 326 1543 una
343 1491 408 1544 ratio
429 1496 469 1544 est
487 1489 610 1558 medendi,
628 1495 659 1546 ut
677 1491 746 1555 nihil,
767 1490 839 1561 quale
857 1491 891 1543 sit
909 1490 979 1555 illud,

274 1566 406 1637 perturbet
422 1567 540 1633 animum,
552 1567 597 1620 scd
612 1567 644 1622 de
659 1569 715 1637 ipsa
730 1568 764 1622 sit
779 1566 970 1636 perturbatione
982 1593 984 1613 ι

274 1642 342 1695 dum.
368 1643 457 1712 Itaque
470 1641 578 1712 primum
590 1643 616 1695 in
628 1644 683 1712 ipsa
694 1643 839 1713 cupiditate,
853 1661 932 1712 quum
944 1642 971 1696 id

274 1719 366 1789 agitur,
378 1725 408 1771 ut
423 1736 453 1771 ea
464 1717 575 1781 tollatur,
589 1735 640 1771 non
656 1723 696 1771 est
709 1717 877 1788 quaerendum,
891 1717 984 1771 bonum

273 1812 352 1849 necne
370 1795 411 1860 sit,
424 1793 490 1864 quod
507 1792 634 1847 libidinem
653 1799 767 1847 moveat:
787 1792 831 1847 sed
847 1792 926 1847 libido
944 1794 983 1863 ips

273 1870 347 1924 lenda
358 1874 412 1924 est:
432 1873 469 1937 ut,
482 1869 543 1933 sive,
558 1868 626 1939 quod
638 1869 770 1922 honestum
785 1874 831 1933 est,
843 1869 869 1923 id
886 1868 920 1922 sit
938 1886 985 1922 sun

273 1946 375 2011 bonum,
394 1946 446 2000 sive
465 1945 588 2015 voluptas,
608 1946 660 1999 sive
682 1944 770 1998 horum
789 1949 926 2013 utrumque
944 1962 984 1998 cor

272 2026 336 2091 tum,
357 2023 410 2076 sive
430 2022 481 2076 tria
500 2021 542 2075 illa
565 2038 657 2091 genera
677 2020 808 2082 bonorum,
829 2024 922 2083 tamen,
944 2020 984 2073 cti

272 2099 376 2153 virtutis
401 2100 481 2168 ipsius
504 2096 676 2152 veliementior
700 2096 827 2166 appetitus
852 2096 894 2159 sit,
917 2095 984 2150 eade]

272 2174 389 2228 omnibus
407 2173 439 2226 ad
457 2172 635 2227 deterrendum
655 2170 796 2226 adhibenda
814 2171 902 2224 oratio.
941 2171 984 2225 Co]

273 2254 357 2303 autem
374 2266 474 2301 omnem
490 2247 645 2302 sedationem
661 2247 737 2300 animi
753 2247 862 2300 humana
878 2246 906 2299 in
924 2264 984 2300 cons

272 2324 355 2393 posita
370 2327 477 2376 natura:
495 2341 551 2392 quae
563 2340 614 2392 quo
630 2322 729 2375 facilius
746 2339 864 2391 expressa
879 2326 984 2375 ceruatu

272 2398 386 2469 plicando
404 2402 443 2451 est
464 2399 578 2452 oratione
598 2398 738 2451 communis
756 2397 866 2451 conditio
887 2397 978 2466 lexque

232 2476 363 2545 63Itaque
379 2492 431 2528 non
447 2472 501 2527 sine
517 2491 601 2539 causa,
613 2491 691 2544 quum
704 2474 818 2527 Orestem
837 2472 945 2526 sabulum
960 2473 984 2528 d<

271 2551 413 2622 Euripides,
424 2551 518 2621 primos
527 2550 575 2604 tris
585 2567 674 2604 versus
686 2567 816 2614 revocasse
825 2549 918 2604 dicitur
927 2550 985 2605 Socr

334 2688 421 2749 Neque
433 2689 481 2733 tam
492 2686 605 2733 terribilis
615 2684 667 2733 uilla
678 2686 750 2732 fando
761 2685 835 2731 critic
847 2691 889 2742 est,

325 2778 375 2811 nec
385 2761 447 2821 eoru,
459 2776 505 2810 nec
516 2760 551 2809 ira
563 2762 671 2809 caelitum
682 2758 802 2807 invectum
816 2760 915 2817 malum,

313 2842 385 2903 quod
394 2838 449 2891 n6n
459 2849 552 2891 natura
563 2840 677 2893 humina
687 2835 802 2903 patiendo
813 2834 911 2882 ceteras.
