2634 3367
375 282 392 309 ,ι

270 354 316 403 178
407 348 918 400 nuscuuau.nlsrunan10uono

269 458 369 514 duobus
384 458 450 513 iliis:
471 476 578 529 quoram
595 476 673 530 quarn
689 458 797 513 alterum
810 456 901 512 vadem
916 456 1008 512 mortio
1024 472 1062 511 ac·

270 536 387 604 cepisset,
399 534 471 599 aiter,
484 538 513 588 ut
525 534 613 590 vadem
631 552 707 589 auum
723 533 848 598 liberarat,
861 536 957 603 praeto
973 532 1063 588 funmt

270 609 303 663 ad
318 610 406 664 horam
423 610 512 665 mortio
530 609 697 665 destinatam:
722 610 831 663 Utinam
845 626 898 678 eye,
910 608 1003 679 inquit,
1016 617 1063 663 ter·

270 687 324 739 tier
336 684 406 738 cotia
417 686 519 739 aarum
529 684 686 740 ascriberet!
710 685 791 750 Quam
801 683 860 738 huic
869 687 925 739 erat
933 685 1062 747 miserum,

270 778 355 815 carere
366 760 549 815 consuetudine
561 761 705 825 amicorum,
715 759 838 815 rooietate
845 758 938 824 victua,
948 775 1064 814 sermone

271 836 372 891 omnino
389 836 520 891 familiari!
541 836 637 891 homini
654 836 795 906 praesertim
813 834 890 890 docto
907 852 924 888 a
939 852 1021 905 puero
1037 838 1064 889 et

272 911 369 966 artibus
387 912 503 982 ingenuia
519 911 634 967 erudito!
671 911 830 966 hiuaioorum
843 925 905 965 varo
921 909 1064 980 peratudio·

271 1005 327 1041 aum
339 987 488 1058 accepimus,
501 992 602 1057 poetam
618 987 696 1042 etiarn
707 987 849 1056 tragicum:
867 1003 943 1056 qnam
960 985 1064 1053 bonurn,

271 1062 334 1118 nihil
353 1062 385 1118 ad
405 1081 467 1119 ram.
501 1063 535 1118 In
553 1064 601 1117 hoe
619 1064 687 1117 enim
706 1080 799 1134 genere
815 1060 901 1117 nmeio
919 1078 972 1133 quo
989 1066 1064 1132 pacto

271 1139 360 1210 magia,
369 1157 444 1210 quam
456 1139 483 1193 in
495 1139 558 1203 aliia,
570 1156 644 1193 auum
656 1139 748 1210 cuique
760 1137 893 1208 pulchrum
905 1142 964 1204 aat3
981 1138 1064 1194 adhuc

270 1216 395 1270 neminem
413 1215 520 1286 cognovi
539 1218 649 1285 poetam,
665 1215 704 1284 (et
724 1214 783 1269 milri
803 1213 930 1269 furcam
952 1214 1064 1285 Aquinio

272 1292 401 1361 amicitia)
420 1292 464 1360 qui
484 1290 533 1345 sibi
551 1307 602 1344 non
620 1290 732 1361 optimus
749 1289 892 1356 videretur3
917 1289 955 1345 aio
974 1308 1002 1345 ee
1022 1307 1064 1346 reo

272 1366 363 1421 habet:
382 1374 409 1421 ta
420 1378 473 1431 tua,
485 1385 526 1421 me
535 1365 662 1421 delectant
673 1383 736 1421 maa.
762 1365 821 1432 Sed,
830 1367 860 1420 ut
870 1366 902 1420 ad
911 1366 1063 1437 Dionysium

272 1441 410 1505 redeamus,
420 1441 489 1495 omni
500 1441 571 1496 enltu
583 1444 610 1496 et
621 1442 692 1497 victu
703 1442 813 1496 hunuano
825 1439 942 1496 carebat:
961 1441 1063 1497 vivebat

271 1534 329 1570 cum
341 1516 464 1586 fugitivis,
475 1534 532 1570 cum
545 1517 700 1582 facinorosis,
713 1536 769 1573 cum
782 1516 909 1572 barbaria:
928 1518 1062 1583 neminem,

272 1593 316 1662 qui
333 1596 378 1646 aut
395 1591 513 1645 libertate
529 1591 621 1662 dignae
638 1599 707 1648 eaaet
725 1598 769 1649 ant
788 1593 863 1648 vellet
880 1593 983 1649 omniuo
1000 1593 1063 1650 liber

271 1684 335 1731 ease,
348 1666 396 1722 eibi
409 1667 515 1721 amicum
527 1668 705 1723 arbitrabatur.

232 1753 264 1799 64
306 1743 407 1797 XXIII.
427 1742 488 1796 Non
505 1760 553 1812 ego
567 1747 620 1812 J‘am
639 1762 699 1799 oum
715 1745 792 1815 hujua
809 1745 870 1811 viba,
886 1763 937 1817 qua
953 1746 1062 1809 tntriua,

273 1820 395 1885 miserius,
407 1818 580 1875 detestabilius
593 1821 738 1892 excogitare
748 1821 812 1876 nihil
824 1838 934 1892 possum,
947 1820 1062 1877 Platona

272 1900 317 1952 aut
329 1897 448 1968 Archyta
465 1897 544 1951 vitam
562 1896 720 1967 comparabo,
737 1896 870 1953 doctorum
887 1898 1019 1954 hominum
1036 1901 1062 1952 et

272 1972 345 2042 plane
354 1973 504 2043 sapientium
516 1991 521 2026 :
539 1989 571 2026 ex
580 1973 669 2027 eadem
680 1972 743 2027 urbe
751 1972 871 2027 humilem
882 1974 1063 2029 homunculum

272 2066 288 2101 a
303 2049 406 2117 pulvere
418 2053 444 2103 et
460 2047 530 2103 radio
542 2048 665 2113 excitabo,
679 2048 723 2118 qui
738 2048 825 2103 multis
842 2048 913 2103 annia
930 2055 989 2119 post
1004 2050 1062 2115 tuit,

272 2125 456 2179 Archimedem.
491 2123 572 2194 Cujus
588 2142 636 2195 ego
652 2128 764 2195 quaestor
781 2124 925 2193 ignoratum
941 2124 973 2179 ab
989 2126 1064 2196 Syra·

272 2199 379 2263 eurania,
399 2217 476 2269 quum
494 2217 550 2253 ease
567 2201 670 2254 omnino
688 2204 817 2270 negarent,
836 2207 934 2269 septem
951 2200 1064 2272 undique

272 2276 299 2324 et
316 2274 438 2328 vestitum
455 2274 574 2344 vepribus
592 2282 619 2330 et
638 2275 756 2340 dumetis,
774 2274 892 2346 indagavi
909 2277 1063 2345 sepulcrum.

271 2346 397 2402 Tenebam
410 2349 474 2403 enim
488 2349 609 2419 quosdam
626 2351 770 2416 senarioloa,
783 2368 847 2421 quoa
862 2352 890 2406 in
901 2355 957 2421 ejus
973 2370 1061 2408 monn·

271 2426 357 2476 mento
375 2441 431 2477 ease
451 2424 586 2493 inscriptos
604 2443 763 2497 acceperam:
788 2428 831 2497 qui
849 2427 1018 2493 declarabant,
1035 2428 1064 2484 iu

272 2516 370 2552 ruarmo
388 2498 503 2569 sepulcro
520 2500 644 2570 sphaeram
665 2521 721 2559 eane
739 2502 848 2574 positam
865 2520 923 2559 oum
941 2504 1063 2575 cylindro.

233 2581 263 2627 65
272 2574 329 2644 Ego
341 2578 434 2642 autem,
446 2593 522 2645 quum
539 2576 623 2632 omnia
638 2578 811 2634 collustrarem
827 2579 914 2647 ooulia,
928 2580 980 2648 (eet
995 2581 1063 2637 enim

273 2650 306 2704 ad
323 2655 409 2719 portas
426 2650 583 2707 Achradinae
600 2671 692 2725 magna
709 2655 851 2726 frequentia
868 2655 1062 2726 sepulcrorum)

268 2726 437 2785 animadverti
454 2728 610 2785 columellam
627 2748 680 2785 uon
696 2732 804 2786 multum
820 2750 834 2787 a
850 2732 934 2788 dumis
951 2736 1063 2792 eminen-

255 2806 327 2861 tem:
344 2806 372 2864 in
391 2828 445 2884 qua
458 2809 546 2870 inerat
565 2808 675 2885 sphera
687 2808 774 2883 figura
788 2811 816 2863 et
833 2808 949 2876 evhnbr‘u
985 2814 1067 2878 utam

239 2897 293 2950 05⁷0
304 2888 404 2949 annm
419 2891 603 2969 Syracusanis
616 2891 708 2967 (erant
723 2888 816 2945 autem
828 2882 961 2953 othnam
972 2883 1086 2943 mamb
