2634 3367
300 338 345 385 126
453 335 647 383 TUSCULAN.
668 332 967 382 DISPUTATIONUM
1107 263 1112 354 i

1108 373 1114 450 i

298 451 393 500 metum
406 445 464 498 mali
476 444 714 515 appropinquantis:
730 461 854 514 pavorem
870 447 968 498 metum
981 446 1083 498 montem

299 522 355 576 loco
367 525 516 584 moventem,
530 539 562 574 ex
573 538 623 591 qno
635 520 698 575 illud
710 520 793 584 Ennii,

315 622 378 670 Tum
390 638 463 685 pavor
472 622 614 684 sapientiam
626 638 720 669 omnem
733 621 767 668 mi
778 620 914 668 exanimum
926 622 1076 682 expectorat:

300 718 532 770 Eooooiomtionem
540 719 636 769 metum
645 714 842 784 subsequentem
853 717 878 767 et
890 712 963 785 quasi
975 712 1087 767 comitem

300 792 415 863 pavoris:
437 791 662 846 conturbationem
674 796 768 844 metum
782 790 954 844 excutientem
964 789 1088 861 cogitata:

301 868 480 922 Formidinem
492 872 588 921 metum
601 871 796 937 permanentem.

261 959 292 1004 20
336 943 384 997 IX.
403 942 551 1013 Voluptatis
569 946 653 996 antem
672 947 756 1012 partes
778 941 826 995 hoc
843 939 918 995 modo
936 940 1088 1004 describunt,

302 1023 331 1073 nt
343 1018 522 1072 Madeoolmtio
537 1017 572 1072 sit
583 1017 700 1087 voluptas
717 1036 749 1071 ex
764 1015 829 1069 malo
841 1014 946 1071 alterius
959 1016 1016 1071 sine
1028 1034 1089 1071 emo

301 1095 414 1150 iumento
438 1113 504 1149 suo:
535 1094 675 1147 Delectotio
698 1093 814 1162 voluptas
838 1091 967 1147 suavitate
992 1092 1090 1147 auditus

302 1171 413 1227 animum
425 1170 565 1226 delenieus:
584 1174 618 1235 et,
629 1168 710 1239 qualis
722 1174 761 1223 est
770 1168 824 1222 haec
836 1167 944 1232 aurium,
956 1167 1024 1223 tales
1036 1173 1090 1223 snut

302 1248 433 1304 oculorum
451 1252 478 1303 et
498 1246 638 1301 tactionum
660 1248 688 1299 et
711 1243 885 1299 odorationum
910 1248 937 1298 et
959 1261 1090 1315 saporum:

303 1344 359 1396 quoe
375 1328 435 1379 sunt
452 1341 539 1378 omnes
557 1320 632 1376 unius
649 1319 757 1391 generis,
770 1319 803 1373 ad
819 1318 1026 1390 perfundendum
1044 1320 1091 1375 ani·

302 1420 372 1455 nunu
395 1404 524 1469 tamquam
547 1396 708 1468 illiqneiactae
728 1397 880 1466 voluptates.
916 1396 1034 1451 Joomu'o
1057 1399 1091 1452 cat

264 1476 420 1544 21voluptas
431 1473 542 1544 gestiens
555 1477 581 1527 et
593 1491 621 1527 se
630 1473 736 1527 efferens
747 1470 905 1527 insolentius.
929 1470 997 1531 Qnoe
1011 1476 1092 1526 antem

303 1550 401 1606 libidini
417 1549 530 1619 subjecta
545 1551 614 1611 sunt,
627 1565 657 1602 ea
673 1548 709 1603 sic
721 1546 851 1612 definiunt,
864 1549 894 1600 ut
906 1546 957 1600 Iro
969 1546 1005 1601 sit
1020 1546 1092 1602 libido
1122 1525 1129 1630 i

304 1624 429 1696 poeniendi
452 1624 514 1695 ejus,
535 1623 578 1693 qui
598 1623 715 1677 videatur
738 1624 832 1679 laesisse
855 1622 963 1691 injuria:
988 1623 1093 1677 Emon-

305 1704 428 1757 doaeeatio
440 1706 526 1755 autem
542 1700 576 1754 sit
592 1700 630 1754 ira
645 1718 751 1756 nascens
763 1704 789 1755 et
804 1698 878 1754 modo
890 1697 1028 1767 exsistens,
1042 1717 1093 1771 que
1126 1657 1131 1768 i

305 1778 404 1840 etpost:
422 1778 509 1832 Graece
526 1775 633 1831 dicitur:
660 1776 756 1831 Odium
774 1777 812 1830 ira
828 1775 983 1829 inveterata:
1007 1776 1094 1829 Iuo'uo’·
1127 1771 1131 1788 '

304 1852 367 1904 citio
387 1852 424 1919 ira
443 1851 581 1908 ulciscendi
601 1856 701 1922 tempus
721 1851 872 1906 observans:
902 1850 1041 1904 Discordia
1061 1851 1095 1904 ira

305 1927 425 1995 acerbior,
444 1929 533 1984 intimo
553 1926 611 1983 odio
635 1932 662 1981 et
685 1926 760 1981 corde
783 1930 919 1996 concepta:
943 1925 1095 1997 Iadioeota'o

304 2000 382 2059 libido
394 2004 564 2077 inexplebilis:
587 2003 751 2057 Dmiderium
761 2001 839 2056 libido
851 2003 913 2071 ejus,
927 1999 970 2071 qui
983 2000 1095 2056 nondum

306 2078 380 2148 adsit,
397 2082 505 2138 ridendi.
540 2080 711 2151 Distinguunt
732 2077 794 2133 illud
815 2077 899 2145 etiam,
916 2080 947 2131 ut
966 2076 1000 2131 sit
1020 2076 1096 2132 libido

306 2175 392 2211 earnm
404 2178 496 2227 rerum,
509 2177 564 2231 quse
576 2156 695 2211 dicuntur
707 2154 738 2210 de
751 2154 859 2225 quodam
872 2156 916 2208 aut
929 2152 1096 2223 quibusdam:

307 2250 363 2303 quoe
381 2237 565 2298 κατηγορήματα
582 2231 715 2286 Dialectici
736 2230 877 2302 appellant;
902 2232 932 2283 nt
950 2228 1045 2283 habere
1062 2228 1098 2282 di-

307 2308 389 2370 vitias,
402 2324 491 2376 capere
507 2306 622 2363 honores.
659 2307 804 2377 Indigeutia
819 2324 902 2360 rerum
919 2305 1033 2373 ipsarum
1050 2307 1097 2367 est,

268 2386 338 2438 nat
358 2381 490 2446 honorum,
510 2386 539 2435 ut
563 2383 684 2452 pecuuiae.
721 2383 838 2436 Omnium
860 2384 944 2435 autem
965 2378 1099 2450 perturba·

308 2458 405 2512 tionum
423 2457 519 2510 fontem
537 2476 592 2512 esse
609 2457 697 2511 dieunt
709 2458 963 2529 Intemperantiam:
984 2473 1041 2525 quae
1059 2461 1099 2509 est
1132 2428 1134 2542 i

308 2538 397 2589 atota
413 2536 497 2587 mente
515 2536 541 2587 et
557 2551 573 2587 a
589 2537 659 2587 reeta
676 2534 773 2588 ratione
791 2532 906 2595 desectio,
923 2530 959 2585 sic
977 2547 1068 2584 aversa
1085 2548 1100 2583 a

309 2608 497 2682 prascriptione
509 2608 621 2673 rationis,
631 2613 662 2663 ut
673 2608 742 2663 nullo
754 2607 828 2662 modo
840 2605 1008 2677 appetitiones
1021 2603 1100 2660 animi

310 2705 356 2742 nec
372 2686 426 2755 regi
444 2703 490 2740 neo
508 2686 630 2741 contineri
643 2690 744 2756 queant.
781 2680 1001 2745 Quemadmodum
1019 2680 1100 2753 igitur

310 2763 477 2835 temperantia
494 2764 566 2819 sedat
584 2764 757 2836 appetitiones,
776 2766 802 2817 et
820 2760 903 2825 efficit,
921 2766 951 2814 ut
968 2777 1005 2814 eae
1022 2766 1099 2813 reete

294 2842 396 2899 rationi
403 2848 523 2917 pareant,
532 2845 721 2913 conservatque
729 2833 1099 2914 censideratapdxp'xsmauttsz

282 2918 328 2977 sic
350 2921 417 2982 duic
437 2924 550 2984 inimica
572 2914 783 2992 intemperantia
799 2922 906 2964 emnem
925 2919 1007 2953 amm
1024 2905 1124 2950 sums
