2634 3367
268 332 303 377 38
412 327 608 377 TUSCULAN.
628 329 925 376 DISPUTATIONUM

273 438 373 511 quidem
398 438 518 509 [potest].
558 438 652 493 Carere
676 439 750 504 enim,
775 439 908 493 sentientis
932 417 987 493 cst:
1019 442 1078 493 neo'

273 532 363 570 sensus
383 514 411 569 in
430 519 548 569 mortuo:
575 532 608 568 ne
629 533 711 569 carere
732 515 832 585 quidem
853 515 933 585 igitur
953 515 980 569 iu
1000 533 1067 569 mor-

273 595 320 647 tuo
332 593 379 645 est.

233 675 265 723 89
308 665 450 721 XXXVII.
479 665 641 735 Quamquam
662 664 723 736 quid
743 683 808 736 opus
829 666 917 720 estin
940 666 988 719 hoc
1011 666 1068 737 phi-

274 743 409 813 losophari,
433 760 512 812 quum
535 759 588 795 rem
612 759 665 796 uon
691 760 782 813 magno
806 759 882 813 opere
909 742 1069 812 philosophia

274 837 350 891 egero
367 818 516 873 videamusl
554 818 660 883 Quoties
679 836 731 872 non
749 816 824 872 modo
842 817 959 872 ductores
977 820 1068 885 nostri,

275 896 321 951 sed
340 895 453 949 universi
473 894 550 949 etiam
571 894 699 948 exereitus
720 894 752 948 ad
770 910 823 948 nou
840 893 941 948 dubiam
961 898 1070 949 mortem

276 971 472 1029 concurrerunt!
504 971 570 1031 Quae
582 970 684 1042 quidem
701 971 722 1024 si
740 969 880 1035 timeretur,
894 988 945 1024 nou
962 970 992 1023 L.
1005 971 1070 1024 Bru·

276 1051 327 1113 tus,
341 1064 428 1101 arcens
444 1065 503 1102 eum
519 1046 603 1101 reditu
615 1050 759 1116 tyrannum,
772 1064 846 1116 quem
864 1046 918 1115 ipse
930 1044 1070 1116 expulerat,

276 1124 305 1178 in
320 1123 405 1194 prelio
417 1123 585 1188 concidisset3
603 1140 656 1177 uon
671 1140 730 1177 oum
741 1122 841 1176 Latinis
854 1122 985 1176 decertans
998 1127 1071 1191 pater

277 1200 381 1267 Decius,
392 1217 450 1254 cum
465 1199 583 1254 Etruscis
595 1199 670 1263 lilius,
683 1216 740 1254 cum
760 1198 858 1269 Pyrrho
874 1216 952 1267 nepos
969 1215 996 1251 se
1012 1199 1071 1252 hos·

277 1275 344 1331 tium
352 1276 410 1332 telis
422 1275 590 1346 objecissent;
609 1292 660 1329 non
669 1273 795 1330 unobello
805 1292 850 1343 pro
859 1274 1071 1345 patriaoadentes

279 1351 553 1423 ScipionesHispauia
564 1349 677 1416 vidisset,
691 1350 808 1405 Paullum
824 1355 851 1404 et
864 1350 996 1404 Geminum
1009 1352 1073 1404 (lan-

279 1446 326 1493 nsc,
339 1426 453 1481 Venusia
468 1425 624 1489 Marcellum,
643 1426 730 1480 Latini
742 1425 871 1490 Albinum,
884 1426 983 1481 Lucani
996 1428 1073 1480 Grae·

280 1503 363 1558 chum.
387 1501 414 1555 N
415 1519 458 1555 um
470 1502 527 1572 quis
539 1502 629 1556 horum
641 1502 717 1556 miser
728 1502 804 1557 hodie
814 1502 824 1556 l
848 1501 890 1556 Ne
902 1506 958 1556 tum
970 1502 1073 1573 quidem

281 1582 339 1649 post
355 1578 473 1646 spirltum
489 1581 646 1633 extremum:
670 1597 718 1633 nec
733 1579 800 1633 enirn
819 1582 905 1648 potest
923 1597 979 1634 esse
996 1580 1074 1633 miser

241 1675 272 1720 9⁰
282 1654 414 1725 quisquam
431 1671 508 1708 seusu
525 1658 640 1724 perempt
657 1696 664 1708 .
701 1656 737 1709 At
754 1654 781 1709 id
798 1655 882 1725 ipsum
900 1655 1015 1709 odiosum
1033 1667 1074 1710 est

282 1730 336 1785 siue
354 1747 431 1784 sensu
447 1730 679 1795 esse-Odiosum,
693 1732 715 1784 si
730 1730 756 1784 id
773 1735 842 1785 esset
860 1749 952 1786 carere.
989 1733 1073 1796 Quum

283 1825 342 1863 vero
354 1805 515 1878 perspicuum
527 1806 568 1871 sit,
581 1807 646 1862 nihil
657 1825 732 1878 posse
743 1808 771 1862 in
782 1826 813 1862 eo
825 1826 888 1876 esse,
901 1810 946 1877 qui
957 1809 1011 1879 ipse
1023 1827 1076 1864 nou

283 1886 333 1940 sit:
352 1884 413 1956 quid
425 1888 509 1955 potest
521 1901 577 1939 esse
590 1884 618 1938 in
630 1902 660 1939 eo
672 1885 795 1950 odiosum,
809 1887 912 1955 quince
924 1889 1016 1952 careat,
1028 1904 1077 1942 neo

284 1962 397 2017 sentiatl
422 1963 579 2031 Quamquam
596 1960 644 2015 hoc
662 1960 763 2032 quidem
781 1960 856 2015 nimis
874 1979 955 2031 saepe:
974 1961 1018 2015 sed
1036 1980 1077 2026 eo,

285 2038 353 2110 quod
373 2038 400 2092 in
422 2037 471 2092 hoc
491 2036 558 2091 inest
581 2036 663 2091 omnis
687 2037 764 2091 animi
787 2037 927 2091 contractio
950 2055 983 2091 ex
1005 2043 1078 2092 metu

283 2114 381 2169 mortis.
416 2112 470 2172 Qui
487 2113 554 2167 cuim
572 2113 634 2168 satis
651 2113 752 2178 viderit,
769 2112 796 2167 id
813 2111 882 2182 quod
899 2116 939 2167 est
955 2112 1011 2168 luco
1027 2114 1078 2167 cla·

285 2190 345 2254 rius,
368 2189 452 2243 animo
472 2193 499 2243 et
522 2206 627 2259 corpore
647 2194 798 2258 consumpto
821 2193 927 2258 totoque
950 2189 1078 2243 animante

286 2266 377 2329 deleto,
398 2269 424 2319 et
445 2264 513 2319 iacto
532 2265 638 2320 interitu
658 2265 785 2329 universo,
805 2263 869 2318 illud
890 2264 990 2329 animm,
1010 2275 1079 2334 quon

286 2341 373 2403 fuerit,
385 2340 480 2394 facturn
496 2358 553 2394 esse
570 2340 640 2404 nihil,
653 2340 676 2394 is
689 2340 761 2409 plane
773 2340 916 2410 perspiciet,
930 2340 998 2395 iuter
1011 2343 1078 2410 Hip-

286 2420 476 2488 pocentaurum,
489 2415 532 2485 qui
549 2433 686 2486 numquam
703 2415 789 2481 fuerit,
803 2423 829 2470 et
845 2434 932 2483 regem
945 2420 1080 2487 Agamem·

287 2511 378 2548 nonem
394 2489 456 2544 nihil
467 2490 597 2554 interesse,
610 2509 657 2546 neo
675 2490 755 2562 pluris
767 2509 835 2547 nuno
847 2491 930 2546 faeere
942 2494 978 2546 M.
989 2493 1081 2547 Camil-

287 2570 340 2624 lum
362 2568 410 2621 hoo
430 2565 503 2620 civile
526 2565 628 2630 bellum,
649 2586 724 2637 quam
748 2586 804 2639 ego,
826 2568 869 2622 illo
891 2568 955 2632 vivo,
978 2568 1081 2622 fecerim

289 2648 394 2700 Romam
407 2645 516 2713 captam.
547 2643 598 2697 Gur
609 2643 689 2713 igitur
701 2649 727 2699 et
740 2644 862 2699 Camillus
874 2643 978 2708 doleret,
992 2646 1014 2698 si
1026 2645 1082 2700 haeo

281 2727 347 2790 post
370 2723 498 2775 trecentos
521 2722 548 2773 et
571 2719 755 2790 quinquaginta
777 2721 831 2775 fere
855 2738 935 2774 anuos
959 2724 1084 2775 eventura

261 2796 405 2856 putaret!
423 2800 455 2849 et
470 2814 522 2866 ego
540 2795 648 2863 doleam,
668 2797 692 2852 si
710 2796 742 2852 ad
760 2796 848 2852 decem
863 2796 943 2849 millia
959 2814 1082 2851 annorum

239 2868 362 2925 eedem
378 2869 500 2943 aliquam
524 2874 646 2952 urbe[m]
662 2875 814 2951 nostraqml
826 2873 973 2947 octrumum
986 2874 1095 2940 qutem'r
