2634 3367
301 319 333 365 66
441 318 638 367 TUSCULAN.
656 319 952 368 DISPUTATIONUM

301 426 395 491 tiendo,
410 427 523 497 algendo,
535 428 675 483 estuando.
712 430 809 501 Spartae
821 448 881 485 vero
893 430 964 501 pueri
978 428 1010 483 ad
1022 447 1092 483 aram

302 503 339 557 sic
350 503 497 558 verberibus
513 504 679 574 accipiuntur,
695 511 726 560 ut
742 507 838 562 multus
854 526 868 562 e
881 506 1020 562 visceribus
1036 524 1094 559 sau·

302 578 361 649 guis
379 583 467 644 exeat3
488 597 668 651 nonnunquam
687 583 771 647 etiam,
790 586 827 647 ut,
848 602 926 653 quum
948 581 982 636 ibi
1003 599 1094 645 essem,

304 653 444 721 audiebam,
461 654 493 709 ad
513 673 615 711 necem:
634 675 742 727 quorum
760 675 812 713 nou
829 658 904 713 modo
921 675 995 713 nemo
1013 657 1095 711 exclu-

304 731 383 784 murit
397 748 524 801 umquam,
536 732 581 786 sed
596 750 629 787 ue
640 734 765 805 ingemuit
780 733 890 803 quidem.
928 733 1014 799 Quid?
1033 750 1096 802 ergo

304 806 353 861 hoc
370 806 442 875 pueri
462 812 577 877 possunt,
598 809 645 863 viri
665 827 717 864 uou
737 811 877 880 poterunt?
898 812 925 865 et
945 826 1000 864 mos
1019 808 1095 875 valet,

305 880 370 935 ratio
381 900 433 936 nou
444 882 558 939 valebit?

268 956 299 1002 ⁸⁵
340 957 399 1012 XV.
418 958 531 1014 Interest
542 959 636 1030 aliquid
648 961 716 1016 inter
726 961 835 1017 laborem
845 963 872 1015 et
884 960 1003 1014 dolorem.
1029 960 1096 1014 Sunt

305 1032 413 1089 finitima
424 1035 534 1104 omuino,
545 1036 590 1091 sed
602 1040 688 1091 tamen
700 1036 819 1092 differunt
831 1035 934 1107 aliquid.
962 1035 1045 1090 Labor
1056 1040 1096 1089 est

306 1109 404 1166 turcio
416 1111 529 1182 quaedam
545 1112 586 1167 vel
603 1112 680 1168 animi
695 1112 736 1167 vel
751 1114 862 1183 corporis
879 1111 1001 1183 grauioris
1013 1111 1097 1182 operis

306 1191 334 1242 st
345 1188 472 1243 muneris:
491 1188 562 1244 dolor
570 1192 656 1243 autem
664 1192 749 1243 motus
759 1207 831 1259 asper
843 1188 870 1243 iu
879 1205 991 1258 corpore,
1000 1187 1097 1242 alienus

307 1263 461 1319 usensibus.
499 1266 565 1320 Haec
576 1265 627 1319 duo
640 1264 722 1320 Graeci
737 1265 781 1332 illi,
797 1282 906 1334 quorum
921 1263 1046 1333 copiosior
1058 1266 1098 1317 est

307 1338 401 1409 lingua,
415 1357 490 1409 quam
501 1344 598 1405 nostru,
610 1358 662 1395 uno
678 1340 779 1395 numine
791 1340 925 1410 appellant.
955 1340 1048 1407 Itaque
1059 1338 1098 1391 in·

308 1414 420 1469 dustrios
428 1415 542 1470 homines
550 1415 588 1469 illi
599 1415 727 1470 studiosos
736 1416 777 1470 vel
788 1416 873 1487 potius
882 1418 995 1469 amantes
1005 1413 1098 1468 doloris

309 1490 451 1561 appellant:
469 1508 518 1544 uos·
531 1490 687 1545 commodius
703 1490 848 1547 laboriosos.
883 1490 961 1545 Aliud
975 1498 1015 1545 est
1031 1489 1098 1544 enim

309 1565 430 1627 laborare,
450 1564 519 1619 uliud
538 1560 631 1620 dolere.
667 1565 691 1619 O
712 1566 846 1622 verborum
869 1566 943 1635 inops
961 1563 1098 1627 interdum,

309 1640 401 1712 quibus
419 1640 546 1696 abundare
561 1644 589 1695 te
605 1658 704 1711 semper
719 1645 803 1712 putas,
821 1642 932 1698 Gracia!
958 1640 1044 1704 Aliud,
1062 1640 1100 1693 iu·

310 1735 394 1788 quam,
407 1721 447 1771 est
465 1715 557 1781 dolere,
574 1716 644 1771 aliud
660 1716 782 1772 luborare.
818 1718 905 1777 Quum
921 1716 1016 1771 varices
1033 1733 1101 1770 seca-

309 1793 404 1847 bantur
422 1792 451 1846 0.
464 1791 555 1857 Mario,
578 1790 694 1847 dolebat:
716 1811 773 1849 cum
793 1797 857 1848 aestu
878 1809 969 1863 magno
990 1790 1100 1846 ducebat

310 1886 408 1939 agmen,
421 1868 557 1924 laborabat.
592 1867 641 1922 Est
657 1868 724 1923 inter
735 1869 789 1924 baec
805 1872 891 1923 tamen
902 1867 1016 1939 quaedam
1032 1867 1101 1921 simi·

310 1943 400 2000 litudo.
438 1942 601 2001 Consuetudo
617 1944 685 1998 euim
701 1944 813 1999 laborum
830 1943 1016 2014 perpessionem
1032 1942 1102 1996 dolo-

273 2025 368 2075 wrum
380 2020 455 2075 efficit
471 2020 616 2075 faciliorem.
652 2020 746 2090 Itaque
763 2020 806 2084 illi,
820 2019 864 2090 qui
880 2018 983 2073 Graeciae
995 2017 1102 2071 formam

311 2114 396 2153 rerum
415 2096 570 2167 publicarum
588 2096 720 2160 dedcnrut,
743 2112 848 2164 corpora
864 2098 988 2163 juvenum
1008 2093 1103 2147 firmari

311 2172 397 2227 labore
417 2171 559 2227 voluerunt.
596 2171 675 2231 Quod
695 2172 830 2241 Spartiatae
849 2170 925 2225 etiam
948 2170 977 2223 in
996 2169 1103 2223 feminas

312 2246 482 2302 trutulerunt:
504 2266 561 2319 qure
578 2247 670 2302 ceteris
687 2247 715 2300 in
731 2244 837 2301 urbibus
858 2244 1005 2300 mollissimo
1023 2244 1104 2309 cultu,

312 2324 436 2393 parietum
449 2321 545 2378 umbris
556 2321 717 2377 occuluntur.
752 2322 795 2377 Illi
807 2326 891 2377 autem
903 2321 1039 2378 voluerunt

376 2423 438 2470 nihil
450 2424 535 2470 horum
548 2423 627 2470 simile
638 2438 685 2470 care
696 2424 759 2484 ipud
771 2423 889 2471 Lacaenas
899 2420 1019 2484 virginem

377 2493 459 2554 quibu’
473 2494 544 2555 mtgi‘
557 2493 679 2556 palaestra,
692 2493 804 2552 Eurotas,
816 2494 859 2551 sol,
871 2494 959 2556 pulvis,
970 2492 1047 2549 labor,

377 2563 466 2611 militia
477 2564 555 2611 studio
566 2571 611 2619 est,
622 2567 694 2625 quam
706 2564 816 2611 fertilitas
826 2565 933 2611 barbare.

314 2661 384 2732 llrgo
395 2659 436 2715 his
450 2660 581 2716 laboriosis
593 2660 817 2716 exercitationibus
833 2663 860 2715 et
876 2660 948 2714 dolor
959 2660 1106 2715 intercurrit

309 2755 509 2808 nonnunquam:
534 2736 707 2807 impelluntur,
727 2737 862 2802 feriuntur,
884 2736 1047 2805 abjiciuntur,
1066 2753 1107 2790 ca-

277 2810 385 2939 dmo:
408 2817 438 2868 et
459 2813 518 2887 ipsc
541 2813 616 2872 labor
640 2812 716 2887 quasi
739 2812 831 2872 callum
852 2811 978 2884 quoddam
1002 2811 1108 2867 obducit
