2634 3367
310 349 342 396 62
449 346 646 394 TUSCULAN.
665 343 964 393 DISPUTATIONUM

373 458 471 520 pinnata
481 458 558 503 cauda
569 454 678 505 nostrum
691 455 773 503 adulat
784 456 931 516 Mnguinem.

375 529 459 576 Quum
471 530 527 574 vero
538 528 636 574 adesum
648 528 731 574 inflttu
743 535 883 573 renovatum
895 534 930 572 est
941 528 1017 587 jecur,

373 605 425 643 tum
438 593 520 643 rursus
531 605 612 645 taetros
621 598 691 644 Avida
703 612 727 644 se
739 598 769 644 ad
781 594 864 658 pastris
875 598 955 644 refert.

375 668 415 713 Sic
425 668 486 714 hino
498 669 620 715 custodem
632 669 710 714 maesti
722 666 843 715 cruciatus
855 668 901 723 alo,

374 752 429 799 quae
440 740 480 784 me
491 739 590 799 perenni
600 737 682 785 vivum
695 739 768 785 foedat
780 736 883 785 miseria.

375 808 496 870 Namque,
507 806 537 856 rit
545 810 639 866 videtis,
651 807 740 855 vinclis
749 806 891 857 constriotr'rs
900 809 914 854 J
917 810 977 866 ovis,

374 881 455 925 arcere
463 894 556 941 nequeo
567 880 643 928 diram
655 880 777 926 volucrem
789 883 915 941 spectare.

375 949 416 995 Sia
425 964 464 996 me
475 952 527 1012 ipse
538 951 625 998 viduus
636 952 715 1011 pestes
725 950 819 1011 excipio
829 951 922 1007 duxias,

374 1017 457 1067 umdre
467 1021 551 1069 mortis
561 1021 691 1068 terminum
703 1021 833 1082 anquirens
846 1021 910 1069 mali.

375 1091 423 1138 Sed
433 1088 507 1153 louge
518 1108 532 1139 a
541 1092 590 1139 leto
600 1088 700 1138 mimine
711 1090 815 1152 aspelldr
825 1091 840 1137 J
842 1092 894 1138 ovis
903 1109 908 1137 :

374 1169 447 1224 utque
456 1162 510 1210 baeo
520 1168 621 1219 vetusta,
634 1162 713 1210 areclis
722 1162 854 1222 glomerata
865 1160 977 1218 horridis,

375 1230 480 1280 lucrifica
491 1234 572 1280 clades
581 1230 663 1280 nostro
672 1232 747 1280 infixa
757 1240 793 1279 est
803 1229 910 1295 corpori:

374 1318 388 1350 e
399 1300 449 1364 qud
458 1303 557 1364 liquatoe
569 1302 628 1351 sdlis
639 1304 722 1350 ardore
734 1303 849 1350 excidunt

373 1382 457 1435 guttae,
470 1389 525 1435 quae
536 1389 595 1421 saxa
606 1374 701 1421 assidue
713 1374 831 1422 instillant
843 1371 951 1422 Carioasi.

344 1495 392 1548 XI.
410 1494 461 1547 Vix
480 1493 559 1563 igitur
576 1511 652 1563 posse
666 1492 780 1548 videmur
797 1494 834 1549 ita
852 1494 969 1550 affectum
987 1512 1039 1549 non
1056 1492 1099 1549 mi·

310 1588 394 1625 serum
412 1569 510 1624 dicere:
529 1572 556 1623 et
574 1570 596 1623 si
611 1569 680 1625 huno
697 1570 824 1636 miserum,
838 1580 907 1626 oerte
920 1569 1031 1626 dolorem
1050 1588 1100 1624 ma·

272 1646 369 1700 tolum.
405 1647 436 1699 A
455 1646 494 1698 'lu
513 1644 613 1716 quidem
631 1645 714 1701 adhuo
733 1664 814 1701 meam
833 1664 934 1701 oausam
952 1646 1014 1717 agis.
1051 1645 1100 1700 Sed

309 1723 358 1777 hoo
369 1738 430 1776 rnox
441 1721 536 1777 videro.
570 1723 672 1776 Interea
683 1721 796 1777 unde
762 1727 805 1777 rs
798 1723 925 1778 versusl
961 1723 1099 1777 Nouenim

309 1815 428 1867 agnosco.
465 1798 504 1852 M.
522 1798 613 1853 Dicam
636 1798 728 1853 barole.
766 1798 867 1853 Etenim
892 1803 961 1854 reote
984 1799 1100 1870 requiris.

310 1874 422 1930 Videsne
434 1874 561 1930 abundare
574 1893 614 1930 me
625 1874 698 1929 otro
727 1875 865 1965 AQuidt
867 1876 929 1930 ιιιιιΡ
917 1874 1003 1930 Μ.
1017 1873 1101 1929 Fuisti

310 1969 386 2022 saepe,
405 1950 488 2017 oredo,
507 1955 639 2021 quumt
603 1951 711 2006 Athenis
732 1969 808 2017 esses,
830 1952 857 2005 in
878 1950 970 2007 scholis
990 1950 1101 2021 philoso-

310 2028 425 2098 phomm.
461 2029 493 2083 A.
508 2028 586 2095 Vero,
603 2045 633 2083 ao
650 2027 758 2083 libenter
776 2027 886 2099 quidem.
921 2027 962 2083 M.
980 2027 1101 2082 Animad-

312 2104 426 2159 vertebas
442 2104 529 2175 igitur,
542 2104 592 2159 etsi
602 2108 659 2159 tum
675 2121 749 2159 nemo
761 2106 816 2158 erat
828 2102 962 2158 admodum
974 2104 1100 2175 copiosus,

310 2185 484 2235 verumtamen
501 2199 589 2235 versus
605 2180 637 2235 ab
655 2180 695 2235 his
713 2178 844 2235 admisoeri
861 2178 978 2234 orationi.
1014 2180 1046 2234 A.
1063 2181 1101 2235 Ao

311 2256 404 2311 multos
428 2256 528 2328 quidem
553 2274 569 2310 a
591 2256 714 2327 Dionysio
738 2257 830 2311 Stoico.
867 2256 905 2310 M.
924 2254 1008 2311 Probe
1031 2255 1101 2311 diois.

312 2332 362 2386 Sed
385 2332 407 2386 is
428 2333 500 2401 quasi
524 2331 626 2395 dictata,
649 2330 718 2386 nullo
742 2331 849 2398 delectu,
874 2331 944 2387 nulla
966 2330 1100 2403 elegantia.

311 2408 385 2462 Philo
395 2412 483 2463 noster
494 2411 521 2462 et
537 2407 666 2477 proprium
682 2426 814 2463 numerum
831 2413 857 2464 et
868 2409 936 2464 leots
946 2412 1063 2479 poemata
1075 2413 1101 2463 et

311 2484 366 2538 looo
378 2483 540 2555 adjungebat.
577 2484 668 2554 Itaque
680 2488 814 2555 postquam
826 2484 940 2540 adamavi
951 2485 1017 2540 hano
1029 2485 1102 2556 quasi

311 2560 414 2614 senilem
432 2559 645 2624 declamationem,
665 2559 778 2616 studiose
795 2561 911 2633 equidem
929 2564 989 2615 utor
1006 2561 1101 2617 nostris

311 2636 402 2704 poetis.
438 2635 495 2701 Sed,
507 2635 587 2691 sioubi
605 2635 642 2689 illi
653 2634 809 2702 deiecerunt,
823 2637 888 2692 verti
905 2637 960 2708 ipso
977 2636 1058 2691 multa
1070 2637 1101 2693 de

312 2712 413 2777 Gracia,
425 2729 457 2765 ne
475 2729 525 2782 quo
543 2717 691 2766 ornamento
708 2713 735 2767 in
752 2713 801 2768 hoo
817 2731 909 2784 genere
921 2713 1100 2784 disputationis

257 2791 406 2846 mereret
419 2788 517 2843 Latina
534 2789 624 2844 oratio.
663 2787 713 2843 Sed
730 2788 841 2855 videsne,
860 2793 941 2860 poeto
959 2788 1021 2859 quid
1041 2790 1101 2845 mali

282 2861 426 2920 arserant?
465 2867 660 2926 Ianentantes
684 2866 814 2925 induount
843 2865 996 2922 iustissimos
1021 2866 1108 2917 rixosi
