2634 3367
464 333 532 381 LIB.
551 333 604 380 Ill.
631 334 706 381 CAP.
726 337 764 390 30,
777 336 816 382 31.
990 338 1034 385 113

240 462 316 515 quam
331 448 371 497 est
385 448 520 509 mutatum,
532 461 614 512 neque
626 444 658 498 de
674 462 712 510 eo,
725 444 769 515 qni
781 444 869 500 dolet?
905 444 1034 515 Cogitatio

239 522 321 591 igitur
339 520 465 584 diuturna,
486 519 548 573 nihil
567 539 622 574 esse
640 521 667 574 in
684 540 712 575 re
730 521 796 586 mali,
812 520 892 575 dolori
909 521 1033 586 medetur,

238 615 290 650 non
304 598 360 665 ipsa
371 596 534 650 diuturnitas.

275 672 374 725 XXXI.
400 672 452 726 Hic
473 672 535 726 mihi
558 674 667 728 afferunt
691 673 886 728 mediocritates.
922 674 988 731 Quae
1012 674 1034 728 si

238 747 368 802 naturales
389 758 457 812 eunt,
477 748 538 817 quid
559 768 623 819 opus
644 756 685 803 est
705 750 895 804 consolatione?
931 749 1033 804 Natura

238 825 305 878 enim
327 824 383 893 ipsa
401 824 548 879 terminabit
569 826 688 879 modum:
719 826 758 879 sin
779 825 925 895 opinabiles,
947 826 1032 895 opinio

237 905 296 954 tota
309 900 422 955 tollatur.
459 902 526 955 Satis
538 901 634 956 dictum
651 920 707 956 esse
727 902 842 967 arbitror,
856 900 1032 972 aegritudinem

238 994 295 1030 esse
317 976 460 1045 opinionem
482 977 541 1031 mali
561 979 700 1048 praesentis,
720 978 747 1031 in
764 996 814 1048 qua
834 978 951 1049 opinione
970 978 1032 1034 illud

237 1053 308 1117 insit,
321 1056 351 1107 ut
361 1056 437 1123 eegrrt
417 1052 539 1107 'tudinem
551 1054 679 1122 suscipere
691 1058 814 1123 oporteat.

274 1128 387 1183 Additur
401 1128 433 1183 ad
444 1129 510 1183 hanc
526 1130 696 1183 definitionem
714 1147 729 1183 a
745 1130 845 1184 Zenone
860 1133 935 1197 recte,
948 1134 978 1185 ut
989 1130 1031 1185 illa
1041 1140 1089 1206 75]

237 1204 325 1292 opinio
343 1210 452 1274 present
453 1205 474 1259 is
441 1205 551 1260 tmali
566 1206 600 1259 sit
618 1223 714 1259 recens
751 1206 870 1260 Hoct
827 1210 870 1259 aut
871 1223 911 1259 em
927 1171 1031 1261 'verbum

237 1280 275 1335 sic
293 1281 501 1349 interpretantur,
515 1286 545 1335 ut
560 1287 639 1335 nont
640 1285 729 1335 autum
745 1280 807 1334 illud
819 1298 906 1335 recens
921 1298 977 1336 esse
989 1299 1031 1337 ve·

236 1357 293 1421 lint,
307 1356 376 1426 quod
393 1356 477 1425 paullo
495 1362 554 1411 ante
572 1357 706 1421 acciderit;
728 1356 780 1422 sed,
795 1375 869 1427 qnam
883 1356 951 1412 diu
944 1375 970 1412 ιιι
988 1357 1030 1413 illo

236 1433 342 1503 opinato
363 1432 429 1486 malo
448 1433 486 1487 vis
510 1433 624 1503 quadam
647 1433 709 1488 insit
733 1438 760 1487 et
781 1434 866 1505 vigeat
889 1438 916 1488 et
939 1433 1030 1489 habeat

237 1508 371 1579 quamdam
389 1509 552 1571 viriditatem,
569 1514 622 1563 tam
643 1509 687 1563 din
706 1509 846 1580 appelletur
871 1528 973 1565 recens:
999 1516 1029 1567 nt

236 1585 375 1639 Artemisia
391 1585 442 1649 illa,
457 1585 581 1651 Mausoli,
590 1586 671 1640 Caria
688 1588 763 1657 regis,
783 1604 855 1654 uxor,
872 1606 928 1656 qua
946 1586 1029 1644 nobile

236 1660 300 1715 illud
312 1661 484 1715 Halicarnassi
501 1661 561 1716 fecit
577 1662 728 1731 sepulcrum,
742 1663 862 1733 quamdiu
878 1664 951 1728 vixit,
966 1663 1028 1718 vixit

235 1738 263 1791 in
285 1737 365 1801 luctu,
387 1737 524 1807 eodemque
545 1739 621 1791 etiam
645 1739 761 1793 conlecta
784 1739 921 1794 contabuit.
960 1739 1028 1795 Huic

235 1817 292 1868 erat
308 1813 351 1879 illa
368 1813 452 1883 opinio
465 1813 578 1883 quotidie
590 1832 692 1868 recens:
712 1833 768 1883 qna
784 1819 839 1868 turn
852 1814 959 1884 denique
977 1832 1028 1869 non

235 1889 378 1959 appellatur
391 1907 487 1954 recens,
499 1908 576 1959 quum
589 1894 718 1943 vetustate
731 1891 836 1943 exaruit.

273 1967 337 2020 Haec
357 1965 437 2034 igitur
457 1966 538 2020 officia
558 1971 618 2020 sunt
640 1964 831 2028 consolantium,
849 1964 936 2018 tollere
958 1967 1028 2035 aegri-

235 2040 352 2095 tudinem
368 2042 491 2106 funditus,
505 2046 550 2095 aut
565 2041 660 2107 sedare,
674 2044 718 2094 aut
734 2040 865 2093 detrahere
882 2058 956 2109 quam
973 2041 1028 2110 plu-

235 2118 336 2181 rimum,
355 2122 400 2172 ant
418 2118 581 2188 supprimere,
599 2135 646 2171 nec
665 2116 718 2184 pati
735 2134 836 2169 manare
853 2114 960 2185 longius,
982 2122 1026 2171 ant

235 2193 269 2247 ad
289 2193 337 2247 alia
358 2198 467 2249 mentem
488 2194 628 2248 traducere.
666 2194 740 2259 Sunt,
758 2193 801 2262 qui
823 2210 900 2245 unum
918 2192 1024 2248 officium
1036 2201 1066 2250 76

235 2270 390 2324 consolantis
409 2275 508 2338 putent,
528 2269 620 2323 malum
642 2268 705 2322 illud
724 2268 825 2322 omnino
844 2286 895 2322 non
914 2286 977 2334 esse,
996 2277 1025 2325 ut

236 2346 355 2400 Cleanthi
375 2346 464 2414 placet.
501 2348 573 2411 Sunt,
595 2346 638 2414 qui
660 2363 710 2399 non
732 2363 851 2415 magnum
873 2346 975 2410 malum,
996 2354 1025 2400 ut

235 2422 406 2489 Peripatetici.
444 2423 516 2488 Sunt,
527 2422 577 2491 alui
595 2420 721 2475 abducant
739 2421 842 2475 amalis
861 2422 892 2475 ad
910 2422 982 2487 bona,
995 2428 1024 2476 ut

234 2498 370 2566 Epicurus.
416 2498 489 2563 Sunt,
513 2497 557 2567 qui
582 2497 644 2550 satis
674 2501 772 2565 putent,
798 2499 938 2562 ostendere,
962 2498 1025 2551 nihil

233 2573 358 2642 inopinati
370 2573 497 2638 accidisse,
510 2572 572 2626 nihil
583 2572 649 2625 mali.
681 2572 837 2642 Chrysippus
850 2578 933 2627 autem
947 2579 1023 2642 caput

233 2668 290 2704 esse
311 2655 397 2703 censet
416 2649 442 2701 in
466 2648 624 2711 consolando,
642 2648 773 2701 detrahere
795 2648 861 2702 illam
882 2649 1023 2717 opinionem

233 2725 356 2790 moerenti,
374 2725 396 2779 si
416 2743 444 2778 se
464 2725 545 2778 officio
563 2724 635 2793 fungi
655 2728 716 2792 pute
718 2725 817 2793 tjusto
836 2727 913 2791 atque
931 2720 1023 2775 debito.

235 2802 301 2855 Sunt
314 2800 519 2869 etiam,qu1haeo
535 2800 622 2855 omnia
635 2816 733 2870 genera
742 2796 898 2853 consonam
909 2794 1048 2871 orthaea&-

226 2877 302 2931 Ah'ns
319 2878 386 2933 emin
405 2879 455 2936 alio
474 2880 555 2939 modo
574 2884 713 2947 moretur,
727 2880 763 2933 ut
778 2875 842 2931 iere
855 2885 912 2925 nos
927 2875 1027 2916 omma
1039 2872 1079 2903 ιι
