2634 3367
310 319 344 367 44
451 316 649 365 TUSCULAN.
668 316 968 365 DISPUTATIONUM

306 440 364 494 quse
381 440 460 493 quum
477 421 556 477 {ilium
574 422 601 477 in
618 422 732 493 praelinm
750 424 869 489 misisset,
888 427 915 477 et
933 421 1095 477 interfectum

306 499 427 564 audisset,
445 498 553 566 Idoiroo,
570 499 661 569 inquit,
677 518 825 571 pensaram,
844 511 875 555 ut
895 508 961 570 esset,
980 501 1031 570 poi
1048 515 1096 570 pro

304 576 718 647 patriamortemuondnditoret
729 577 877 631 oemomdere.
1139 604 1140 627 t

340 651 445 705 XLIII.
463 651 542 706 Esto:
568 651 648 707 fortes
672 656 699 707 et
722 651 780 707 duri
805 652 953 722 Spertintae:
979 670 1096 723 magnam

305 727 383 783 hebet
406 728 458 783 vim
481 727 627 799 reipublioe
650 727 788 799 diseipline
829 728 915 795 Quid?
945 729 1096 800 Gyrenaeum

305 804 474 870 Theodorum,
492 804 671 876 philosophum
688 823 740 859 non
756 803 900 875 ignobilem,
917 822 1001 860 nonne
1022 805 1097 860 mire·

306 882 383 936 mur?
407 881 449 937 eni
469 900 549 953 quum
568 881 736 953 Lysimachus
759 898 805 935 rex
825 898 925 936 erucem
948 881 1095 946 minaretur,

306 957 392 1011 “Istis
410 958 518 1029 qnaeso‚’'
536 957 628 1029 inquit,
649 960 723 1012 “ista
742 957 879 1011 horribilia
896 960 1018 1012 minitare
1033 976 1097 1029 por·

304 1035 413 1105 poteolis
427 1037 498 1090 tuse:
519 1035 649 1089 moeni
658 1034 761 1106 quidem
776 1034 848 1090 nihil
859 1037 969 1099 interest,
981 1034 1096 1103 domitu,

305 1128 344 1165 an
354 1111 461 1167 sublim
470 1112 623 1183 putrescat?

342 1189 422 1258 Cujus
433 1189 482 1245 hoe
494 1187 563 1244 dieto
575 1187 718 1253 admoneor,
730 1190 761 1242 nt
773 1186 869 1259 aliquid
876 1185 953 1242 etiem
965 1185 998 1241 de
1008 1186 1097 1241 hnma-

306 1263 376 1320 tioue
387 1269 415 1320 et
430 1265 562 1337 sepultura
573 1264 707 1320 dieendum
723 1264 881 1319 existimem:
899 1281 953 1317 rem
969 1280 1021 1317 non
1033 1263 1097 1319 diffi-

306 1340 387 1405 eilem,
405 1340 437 1396 iis
456 1342 596 1410 presertim
615 1341 733 1413 segnitie,
752 1359 808 1412 qun
829 1340 861 1395 de
880 1339 945 1395 nihil
964 1340 1097 1395 sentiendo

307 1416 391 1486 paullo
402 1421 461 1472 ente
480 1416 629 1472 dictasunt.
665 1417 775 1489 Deque
792 1417 909 1472 Soesetes
921 1415 1022 1487 quidem
1035 1416 1097 1487 quid

306 1492 422 1557 senserit,
440 1496 546 1562 opperet
563 1492 591 1547 in
605 1510 636 1547 eo
653 1492 726 1557 libro,
744 1493 772 1548 in
789 1511 840 1564 quo
857 1492 978 1547 moritur:
998 1491 1030 1546 de
1046 1511 1097 1563 quo

253 1570 357 1637 lotjnm
369 1572 422 1622 tem
434 1568 516 1623 multe
527 1567 646 1623 diximus.
681 1569 768 1628 Quum
781 1570 847 1625 enim
861 1569 892 1624 de
906 1568 1097 1625 immortalitate

306 1644 447 1698 animorum
465 1642 653 1714 disputavisset,
672 1648 699 1700 et
716 1649 771 1715 jum
790 1644 914 1701 moriendi
932 1649 1034 1715 tempus
1054 1664 1098 1701 ur·

306 1723 386 1790 geret,
399 1723 504 1791 rogatos
520 1719 657 1786 edritone,
671 1721 881 1792 quemadmodum
897 1720 997 1791 sepeliri
1012 1721 1097 1788 vellet,

307 1796 444 1850 “Motusm
462 1796 546 1861 oero‚''
558 1796 649 1867 inquit,
663 1801 678 1829 “
688 1816 798 1868 operam,
815 1800 901 1865 amici,
912 1798 1019 1868 frustm
1037 1816 1098 1852 eou-

217 1918 224 1925 .
306 1872 1098 1943 mmpsi.0rieonienimnostrooonpersooeimedimaoola·

306 1958 406 2012 eunom,
418 1968 498 2021 nequo
509 1950 652 2022 quidquem
668 1952 720 2004 mei
731 1950 888 2003 relictorum.
911 1949 1098 2017 Verumtamen,

311 2024 390 2096 Ordo,
398 2029 422 2082 si
429 2045 469 2082 me
476 2027 575 2098 assequi
581 2029 693 2097 potueris
700 2030 746 2080 aut
754 2024 833 2079 sicubi
839 2033 932 2079 noetus
942 2027 999 2092 eris,
1009 2035 1039 2079 ot
1050 2029 1099 2081 tibi

309 2104 440 2172 videbitur,
451 2106 562 2176 sepelite.
598 2104 656 2171 Sed,
668 2104 736 2157 midi
751 2102 830 2169 erede,
842 2119 915 2155 nomo
929 2120 969 2155 me
979 2112 1098 2170 oestrum,

308 2196 389 2250 quum
405 2179 470 2233 ltine
485 2197 616 2245 assumo,
633 2179 821 2249 consequetur?
857 2176 980 2232 Penelere
997 2177 1025 2233 id
1042 2179 1099 2249 qui·

309 2253 373 2319 dem,
386 2254 431 2323 qui
447 2259 474 2309 et
492 2255 572 2309 amieo
587 2253 739 2324 permiserit,
755 2262 782 2308 et
800 2272 827 2308 se
844 2253 983 2310 ostenderit
999 2252 1031 2308 de
1048 2253 1098 2309 hoe

254 2334 302 2381 1⁰4
309 2333 364 2383 toto
376 2349 468 2401 genere
480 2331 542 2385 nihil
558 2330 678 2385 laborare.
714 2329 810 2384 Durior
821 2331 957 2402 Diogenes,
969 2334 996 2385 et
1007 2330 1029 2385 is
1042 2331 1098 2401 qui·

308 2405 365 2460 dem
377 2406 443 2461 idem
456 2407 576 2471 sentiens,
590 2406 642 2471 sed,
655 2409 686 2459 ut
698 2405 817 2476 Cynicus,
830 2408 951 2477 asperius,
963 2407 1053 2476 projici
1069 2424 1097 2460 se

304 2481 558 2552 jussitinhumetum.
578 2483 644 2536 'an
653 2480 734 2547 amici,
744 2486 761 2511 “
768 2482 954 2539 volucribusne
963 2486 989 2537 et
998 2482 1059 2537 ieris
1067 2484 1097 2537 P''

309 2557 440 2613 “Minime
449 2559 535 2624 vero,’'
545 2558 644 2629 inquit:
664 2557 732 2611 “sed
743 2557 861 2613 bseillum
873 2564 1033 2630 propterme,
1046 2576 1098 2630 quo

308 2634 416 2706 sbigem,
427 2635 568 2705 ponitote.''
596 2640 614 2666 ‘⁴
621 2633 674 2693 Qui
688 2636 802 2704 poteris?
826 2635 878 2691 illis
896 2635 1025 2690 nonenim
1040 2652 1098 2689 sen·

307 2710 489 2778 ties.’'—Quid
504 2711 584 2782 igitur
595 2711 656 2766 mihi
673 2711 784 2766 ferarum
802 2711 912 2766 laniatus
928 2711 1018 2778 oberit,
1033 2710 1097 2765 nihil

292 2789 446 2845 sentienti?
463 2788 593 2845 Ptoeeime
604 2790 786 2862 Anaxagoras:
805 2787 859 2858 qui,
871 2805 949 2856 quum
961 2787 1097 2855 Lampsaci

271 2868 434 2931 mmmm
453 2869 640 2939 querentibus
657 2864 761 2936 amieis,
775 2865 890 2925 velietne
900 2863 1110 2918 (imminemus

246 2936 386 3007 W'ldm,
400 2943 430 3000 εἰ
437 2949 511 3022 quid
520 2951 551 3009 ei
563 2950 723 3025 seoidisset
736 2944 860 3007 euiemi:
875 2938 1064 2999 umdueeesse
1073 2936 1128 2990 est,
