2634 3367
270 336 317 386 lau
409 333 924 385 uuschart.D181>UTaulortuu

269 439 404 501 immanem
420 445 528 509 beluam,
541 444 687 515 fugiendam
702 444 819 510 diximus,
831 462 886 499 uon
898 444 956 500 siue
969 461 1063 515 magua

270 523 382 578 utilitate
394 540 410 575 a
423 526 515 575 natura
526 521 615 575 dieunt
630 521 804 585 eonstitutam‚
817 525 848 574 nt
859 520 977 576 homiues
987 521 1064 577 emti·

270 597 423 667 gationibua,
445 595 689 665 reprehensionibus,
713 596 858 666 ignominiis
888 597 955 651 affiei
982 616 1013 652 se
1037 596 1065 651 iu

270 672 363 727 delieto
386 671 508 726 dolerent.
556 673 699 741 Impunitas
722 673 789 726 enim
816 677 982 742 pennatorum
1005 672 1066 727 data

269 747 370 801 videtur
391 748 436 811 eis,
457 747 501 816 qui
521 747 685 815 ignominiam
705 751 732 801 et
752 748 881 802 imummm
901 749 991 803 ierunt
1011 749 1065 803 sine

270 823 371 877 dolore:
397 821 505 876 morderi
523 827 563 877 est
583 822 673 877 melius
693 823 856 877 conscientia.
892 823 936 877 lix
952 841 1006 894 quo
1025 828 1066 879 est

269 897 333 952 illud
343 917 359 953 e
370 897 424 953 rita
439 896 545 953 ductum
556 896 588 952 ab
600 898 715 953 Astanin
750 897 819 954 Nam
831 916 912 969 quum
923 898 1066 955 dissolutus

270 974 347 1039 filim,

366 1068 424 1115 Hetr
433 1084 473 1116 me
483 1068 613 1115 miserum!

270 1166 327 1217 tum
339 1180 442 1217 severus
454 1167 536 1232 pater,

367 1256 509 1306 Duimmodo
519 1256 598 1303 doleat
607 1254 705 1317 {liquid
717 1254 795 1302 doleat
806 1251 942 1315 quidlubet.

230 1363 262 1410 46
273 1352 391 1423 Reliquas
403 1369 504 1421 quoque
519 1354 604 1420 partas
621 1348 778 1420 aegritudiuis
796 1349 873 1404 utiles
890 1368 948 1404 esse
959 1348 1066 1417 diuunt;

271 1428 469 1483 misericordiam
486 1426 519 1480 ad
534 1444 608 1495 opem
620 1425 749 1479 ferendam
766 1429 793 1480 et
810 1425 969 1480 calamitates
986 1426 1067 1482 horui·

271 1522 333 1557 uum
355 1502 517 1572 indignorum
539 1500 722 1555 sublevandas:
750 1501 835 1570 ipsum
857 1499 922 1555 illud
944 1502 1067 1568 aemulari,

271 1578 414 1632 obtrectare
437 1593 489 1630 nou
511 1593 568 1629 esse
587 1576 686 1640 inutile,
706 1594 785 1646 quum
807 1580 854 1630 aut
873 1594 902 1631 se
924 1595 978 1630 nou
998 1576 1067 1632 idem

271 1652 356 1709 uideat
374 1656 546 1715 euuaecutum,
560 1650 628 1720 quod
645 1652 731 1716 alium,
749 1656 795 1706 aut
812 1652 891 1707 alium
907 1651 983 1717 idem,
997 1653 1067 1723 quod

271 1748 314 1785 se:
339 1734 435 1783 metum
451 1726 551 1781 verosi
568 1727 624 1797 quis
641 1728 796 1793 sustulisset,
815 1746 914 1782 omnem
930 1727 993 1781 vitre
1012 1729 1068 1782 dili·

273 1803 385 1874 gentiam
403 1802 527 1857 sublatam
547 1802 617 1868 iore3
641 1822 699 1872 quae
717 1822 816 1859 summa
832 1810 901 1857 esset
919 1803 947 1856 in
963 1804 1010 1867 eis,
1024 1805 1068 1875 qui

273 1880 352 1951 leges,
361 1881 404 1951 qui
413 1879 584 1949 magistratus,
595 1878 637 1949 qui
648 1884 830 1948 paupertatem,
839 1880 883 1948 qui
892 1879 1066 1949 ignominiam,

274 1957 318 2026 qui
341 1962 456 2021 mortem,
475 1955 520 2025 qui
542 1954 653 2009 dolorem
674 1955 801 2009 timerent.
837 1956 903 2009 Haec
922 1962 1010 2009 tanuen
1030 1957 1068 2010 ita

274 2032 414 2103 disputant,
433 2039 462 2087 ut
482 2033 617 2088 resecanda
637 2050 693 2086 esse
714 2034 852 2095 fateantur,
869 2032 944 2085 evelli
962 2033 1067 2101 penitus

275 2109 360 2165 dicant
378 2129 425 2165 nee
445 2129 519 2180 posse
539 2128 586 2164 neo
606 2126 670 2178 opus
691 2126 761 2162 esse:
786 2112 816 2161 ut
832 2109 860 2161 in
876 2108 995 2161 omnibus
1014 2109 1068 2164 iere

272 2186 348 2239 rebus
369 2186 568 2240 mediocritatem
587 2202 643 2238 esse
664 2184 785 2252 optimam
807 2183 961 2237 existiment.
999 2184 1068 2243 Quae

272 2278 351 2330 quum
373 2266 511 2330 exponunt,
534 2260 628 2313 nihilne
650 2258 698 2313 tibi
715 2259 842 2323 videntur,
862 2276 895 2311 au
915 2258 1013 2328 aliquid
1030 2260 1069 2314 di·

271 2337 348 2389 cere?
385 2338 417 2388 A
431 2335 499 2389 Mihi
517 2352 575 2388 vero
593 2334 677 2388 dicere
697 2334 806 2404 aliquid;
831 2335 918 2405 itaque
935 2340 1066 2404 exspecto,

273 2409 334 2480 quid
346 2409 378 2463 ad
390 2410 447 2463 ista.

231 2493 263 2545 47
308 2486 384 2540 XXI.
405 2485 445 2539 M.
463 2484 595 2553 Reperiam
617 2483 742 2539 fortasse:
767 2484 813 2539 sed
833 2484 896 2539 illud
916 2489 985 2540 ante.
1021 2488 1068 2541 Vi-

274 2564 358 2627 desne,
384 2566 480 2633 quauta
503 2561 580 2615 fuerit
611 2561 679 2629 apud
703 2563 867 2617 Academiaos
891 2564 1068 2619 verecundia?

273 2640 352 2694 Plane
368 2640 435 2694 enim
452 2638 548 2702 dicunt,
561 2637 630 2707 quod
645 2637 677 2691 ad
695 2656 748 2691 rem
766 2640 898 2707 pertineat.
936 2639 1069 2709 Peripate·

273 2716 331 2771 tieis
352 2714 518 2786 respondetur
536 2732 551 2767 a
574 2714 674 2768 Stoicis.
710 2714 888 2783 Digladieutur
905 2714 943 2768 illi
963 2734 1009 2784 per·
1028 2735 1069 2770 me

269 2793 347 2846 lieet:
366 2794 406 2847 eui
419 2792 482 2846 nihil
495 2795 534 2845 est
551 2808 660 2855 necesse,
675 2790 731 2855 uisi,
744 2790 788 2843 ubi
804 2789 838 2843 sit
849 2789 920 2856 illud,
932 2790 1002 2859 quod
1014 2792 1069 2861 veri

254 2868 419 2928 anduinum
438 2869 567 2941 videatur,
580 2866 726 2942 anquirere.
761 2864 837 2923 Quo
850 2864 1078 2929 seligimus
