2634 3367
454 345 521 393 LIB.
535 344 586 392 111.
604 345 677 393 CAP.
692 346 730 401 23,
744 346 781 390 24.
977 345 1021 390 105

230 475 281 510 non
307 455 400 508 habent
424 459 521 507 tantam
543 456 601 519 vim,
622 458 651 508 ut
676 452 799 524 agritudo
824 470 855 505 ex
879 451 918 505 his
942 451 1022 505 omnis

229 533 343 586 oriatur:
364 530 457 583 feriunt
470 531 535 583 enim
547 531 654 583 tortasse
668 531 769 599 gravius
780 548 785 581 :
805 547 855 581 non
868 528 893 581 id
902 528 1021 591 efficiunt,

230 614 262 661 ut
281 625 318 670 ea,
339 624 394 675 quae
412 606 534 671 accidant,
552 606 647 676 majora
664 605 811 669 videantur;
836 604 895 673 quia
912 603 1023 658 recentia

230 687 300 745 sunt,
315 682 440 744 videntur,
454 699 504 734 non
518 682 577 751 quia
594 682 731 751 repentina.
767 678 867 749 Duplex
886 684 925 733 est
943 680 1022 749 igitur
1031 691 1061 737 56

232 758 299 811 ratio
311 757 365 809 veri
377 756 517 825 reperiendi
529 775 580 809 non
595 757 622 810 in
638 756 669 810 iis
684 756 772 820 solum,
787 774 842 825 quae
855 756 926 820 mala,
940 755 1023 809 sedin

230 835 262 887 iis
279 833 363 895 etiam,
378 850 434 902 qnae
451 832 517 885 bona
529 832 655 887 videntur.
694 833 759 885 Nam
777 836 821 885 aut
834 832 912 902 ipsius
929 832 966 886 rei
981 850 1023 885 na·

231 914 292 963 tura
310 908 390 977 qualis
408 912 434 961 et
451 912 546 977 quanta
562 908 603 972 sit,
617 908 760 978 quaerimus,
778 912 807 961 ut
826 907 857 961 de
876 911 1024 978 paupertate

231 1001 422 1053 nonnunquam,
434 984 507 1053 cujus
524 1001 588 1037 onus
601 983 753 1052 disputando
765 982 884 1047 levamus,
898 982 1024 1048 docentes,

233 1077 307 1130 quam
324 1076 402 1128 parva
413 1062 440 1112 et
453 1076 526 1128 quam
543 1077 623 1127 pauca
637 1059 696 1121 sint,
710 1077 766 1128 quae
777 1064 868 1112 natura
880 1057 1023 1113 desideret:

234 1141 311 1188 anta
329 1133 474 1203 disputandi
491 1134 632 1188 subtilitate
648 1134 784 1188 orationem
804 1133 836 1187 ad
847 1133 962 1203 exempla
974 1138 1026 1187 tra·

234 1210 360 1264 ducimus.
397 1208 449 1263 Hie
469 1210 586 1263 Socrates
602 1215 819 1273 commemoratur,
832 1209 874 1263 hic
890 1210 1025 1278 Diogenes,

233 1286 275 1340 hie
289 1284 450 1339 Caecilianum
463 1284 532 1351 illud,

299 1371 368 1431 Saepe
379 1376 415 1416 eat
425 1371 496 1416 etiam
509 1367 553 1415 s1'1b
564 1369 661 1431 palliolo
674 1368 768 1416 sordido
780 1369 903 1431 sapientia.

233 1445 322 1502 Quum
332 1444 398 1498 enim
411 1444 568 1515 paupertatis
580 1462 632 1497 una
640 1444 777 1515 eademque
789 1446 822 1498 sit
835 1444 888 1509 vis;
908 1442 1027 1514 quidnam

234 1520 285 1574 dici
298 1523 391 1589 potest,
406 1520 567 1590 quamobrem
580 1520 610 1574 C.
619 1520 734 1575 Fabricio
746 1520 884 1575 tolerabilis
900 1538 929 1574 ea
941 1521 1026 1591 luerit,

235 1595 278 1648 alii
296 1599 390 1665 negent
408 1613 435 1649 se
453 1596 519 1649 ferre
536 1597 630 1665 posset
667 1596 736 1650 Huic
753 1596 832 1666 igitur
849 1596 922 1650 alteri
939 1597 1065 1666 generi57

233 1670 323 1724 similis
341 1674 381 1724 est
397 1689 427 1724 ea
439 1670 504 1724 ratio
517 1671 669 1737 consolandi,
684 1690 740 1740 quae
751 1672 825 1726 docet
837 1672 947 1726 humana
962 1690 1025 1741 esse,

234 1765 290 1816 quae
309 1746 452 1800 acciderint.
489 1747 550 1801 Non
568 1750 634 1801 enim
653 1747 734 1801 solum
751 1747 778 1801 id
797 1749 909 1802 continet
928 1766 958 1801 ea
976 1748 1026 1803 dis·

233 1822 342 1891 putatio,
363 1826 393 1875 ut
413 1821 583 1892 cognitionem
605 1823 693 1877 afferat
714 1823 814 1893 generis
835 1823 953 1877 humani:
981 1823 1025 1876 sed

233 1897 360 1967 significat
383 1898 524 1952 tolerabilia
546 1917 609 1967 esse,
634 1917 689 1969 quae
713 1903 739 1952 et
763 1898 868 1952 tulerint
893 1902 919 1952 et
943 1899 1026 1952 lerunt

234 1973 322 2025 ceteri.

269 2048 371 2102 XXIV.
390 2049 430 2103 De
449 2054 598 2120 paupertate
614 2050 713 2119 egitur;
733 2049 807 2103 multi
822 2048 948 2118 patientes
964 2067 1026 2118 pau-

233 2141 308 2192 peres
320 2131 565 2179 commemorantur:
584 2125 615 2179 de
627 2124 811 2179 contemnendo
823 2125 933 2189 honore3
952 2124 1026 2179 multi

233 2198 379 2252 inhonorati
398 2200 570 2268 proferuntur,
593 2204 619 2254 et
641 2199 742 2270 quidem
767 2203 872 2271 propter
894 2199 920 2254 id
943 2199 1025 2270 ipsum

233 2274 376 2330 beatiores:
395 2294 539 2346 eorumque,
553 2278 597 2347 qui
609 2277 736 2347 privatum
747 2278 828 2332 otium
841 2277 951 2348 negotiis
963 2277 1025 2347 pub-

233 2350 289 2404 licis
306 2350 487 2417 antetulerunt,
501 2353 649 2406 nominatim
660 2354 715 2408 vita
726 2353 859 2409 laudatur:
877 2372 924 2408 nec
937 2354 1026 2408 siletur

233 2425 297 2479 illud
314 2426 484 2495 potentissimi
500 2428 568 2497 regis
584 2433 748 2497 anapaestum,
765 2430 808 2499 qui
826 2429 912 2484 laudat
931 2448 1024 2495 senem,

236 2506 263 2556 et
275 2502 434 2556 fortunatum
447 2521 502 2557 esse
515 2503 585 2568 dicit,
598 2504 666 2574 quod
677 2505 799 2575 inglorius
816 2507 850 2560 sit
863 2510 939 2575 atque
954 2507 1026 2575 igno-

234 2577 292 2632 bilis
310 2578 342 2631 ad
358 2596 504 2648 supremum
520 2578 587 2633 diem
603 2584 778 2649 perventurus.
819 2582 947 2648 Similiter,
960 2599 1063 2645 com-53

236 2654 406 2708 memorandis
419 2654 547 2724 exemplis,
559 2655 681 2709 orbitates
694 2674 794 2725 quoque
810 2655 944 2711 liberorum
963 2674 1026 2725 prae-

236 2729 361 2794 dicantur,
375 2747 519 2800 eorumque,
534 2730 576 2799 qui
593 2731 695 2799 grauius
711 2733 804 2795 ferunt,
820 2731 903 2793 luctus
921 2730 1026 2783 aliorum

239 2805 362 2873 exemplis
379 2804 515 2859 leniuntur.
553 2806 597 2861 Sic
614 2807 746 2879 perpessio
764 2811 914 2863 ceterorum
923 2804 1048 2880 leemps

232 2898 267 2940 0³,
292 2898 350 2947 quae
370 2879 521 2951 acciderint,
542 2884 629 2943 multo
649 2886 769 2952 minora,
784 2901 868 2956 uuum
887 2878 997 2947 <blm
1011 2869 1075 2920 ml*
