2634 3367
250 327 300 377 lla
389 327 904 377 ‘rosentemmsrurarrouuit

471 775 600 835 uranu
621 778 827 852 QUARTUS.

616 981 681 995 —

271 1097 319 1147 DE
339 1098 511 1149 RELIQUIS
529 1098 640 1146 ANIMI
659 1099 1035 1151 PERTURBATIONIBUS.

234 1392 245 1437 l
290 1379 312 1433 Ι.
332 1381 418 1445 Quom
441 1379 528 1433 multis
549 1378 610 1433 locis
631 1382 774 1433 nostrorum
796 1378 925 1433 bominum
946 1377 1053 1450 ingenia

255 1454 420 1524 virtutesque,
440 1455 529 1518 Brute,
552 1454 620 1508 soleo
640 1454 733 1519 mirari,
756 1460 810 1509 tum
831 1455 939 1510 maxime
959 1456 1001 1509 his
1023 1458 1052 1512 in

256 1530 354 1596 studiis,
367 1549 422 1600 qum
435 1547 491 1583 sero
504 1527 638 1583 admodum
650 1531 764 1601 expetita
776 1531 803 1585 in
814 1531 878 1586 hanc
890 1530 1022 1587 civitatem
1035 1552 1051 1589 e

256 1606 352 1659 Gracia
368 1605 530 1658 tratulerunt.
567 1605 635 1658 Nam
653 1624 730 1675 quum
750 1626 765 1661 a
783 1608 863 1674 primo
880 1607 960 1662 Urbis
979 1614 1049 1675 ortu,

256 1681 332 1751 regiis
353 1680 485 1743 institutis,
504 1680 596 1749 partim
616 1681 692 1735 etiam
714 1682 819 1753 legibus,
839 1682 957 1752 auspicia,
978 1686 1050 1739 caeri·

256 1757 352 1822 monim,
368 1756 476 1820 comitia,
494 1757 692 1826 provocationes,
708 1765 809 1829 patrum
826 1758 964 1822 consilium,
979 1762 1050 1829 equi·

256 1838 310 1887 tum
328 1834 491 1903 peditumque
507 1832 651 1906 descriptio,
664 1837 719 1888 tota
734 1853 775 1889 res
792 1835 906 1889 militaris
923 1834 1049 1891 divinitus

256 1914 324 1965 esset
343 1909 497 1975 constituta3
522 1914 578 1964 tum
599 1910 743 1981 progressio
764 1910 917 1965 admirabilis
940 1911 1050 1967 incredi-

256 1987 363 2059 bilisque
372 2005 461 2042 cursus
473 1986 505 2041 ad
517 2005 616 2041 omnem
628 1986 801 2041 excellentiam
814 1987 896 2042 iactas
909 1991 955 2055 est,
968 1986 1050 2044 domi·

257 2070 320 2119 natu
332 2065 402 2135 regio
418 2062 546 2133 republica
562 2063 675 2117 liberata
711 2062 767 2117 Neo
778 2080 838 2117 vero
853 2063 895 2117 hic
911 2062 981 2117 locus
998 2069 1048 2125 est,

257 2145 287 2194 ut
308 2140 339 2195 de
356 2140 467 2195 moribus
484 2139 659 2209 institutisque
677 2141 800 2207 majorum
819 2143 846 2192 et
863 2138 996 2210 disciplina
1016 2158 1047 2195 ec

257 2217 439 2286 temperatione
458 2215 568 2270 civitatis
588 2215 735 2284 loquamur;
760 2214 814 2269 eliis
834 2215 888 2269 hoec
905 2215 966 2270 locis
984 2217 1049 2271 satis

258 2296 374 2347 accurate
385 2292 484 2347 anobis
496 2291 643 2357 dictasunt,
655 2292 813 2361 maximeque
824 2291 851 2345 in
863 2291 894 2345 iis
910 2310 955 2345 aex
966 2291 1047 2358 libris,

234 2384 321 2438 2qnos
339 2368 369 2421 dc
385 2368 527 2437 Republica
545 2367 698 2436 scripsimus.
736 2369 793 2422 Hoc
814 2372 898 2422 autem
915 2367 970 2421 loco
988 2386 1048 2423 con-

258 2442 378 2499 sideranti
400 2442 462 2496 mihi
482 2441 567 2496 studia
584 2441 704 2497 doctrinm
725 2444 805 2497 multa
825 2462 885 2498 sane
901 2452 1047 2515 occurrunt,

258 2539 303 2577 cur
314 2537 345 2574 ea
355 2535 455 2589 quoque
471 2518 592 2572 arcessita
607 2518 715 2583 aliunde,
730 2538 811 2590 neque
827 2520 909 2574 solnm
925 2521 1046 2590 expetita,

258 2596 396 2652 sedetiam
417 2597 564 2649 conservata
583 2597 610 2649 et
631 2594 700 2650 culta
717 2596 858 2650 videantur.
895 2595 958 2650 Erat
979 2597 1047 2651 enim

257 2674 306 2729 illis
318 2690 387 2743 paene
399 2671 426 2726 in
437 2676 574 2738 conspectu
591 2672 722 2739 prestanti
736 2672 860 2742 sapientia
871 2675 898 2725 et
914 2672 1046 2726 nobilitate

257 2751 422 2821 Pythagoras,
436 2748 479 2820 qui
490 2747 539 2802 fuit
551 2747 578 2802 in
589 2748 665 2802 Italia
676 2748 831 2816 temporibus
844 2747 939 2812 iisdem,
953 2749 1045 2816 quibus

246 2827 278 2879 L.
288 2828 391 2881 Brutus
401 2825 511 2898 patriam
523 2823 649 2891 liberavit,
659 2824 795 2896 praeclarus
806 2829 894 2877 auctor
905 2823 1045 2879 nobilitatis

231 2906 293 2957 tuae,
331 2903 498 2981 Pythagorae
516 2908 607 2964 autem
626 2902 757 2966 doctrina,
768 2896 1059 2972 quumlonqelateque
