2634 3367
475 346 543 393 LIB.
562 344 597 393 Π.
616 346 691 397 CAP.
709 350 747 404 21,
761 350 799 396 22
1001 348 1030 399 73

238 458 306 513 enim
324 474 442 527 perquam
460 454 576 510 flebiliter
589 456 679 511 Ulixes
697 457 850 512 lamentatur
861 456 1030 525 inculcem)

238 541 325 588 temen
336 533 395 587 huic
406 532 495 586 leviter
507 532 619 602 gementi
630 533 666 588 iili
678 534 734 604 ipsi,
749 534 793 604 qui
805 533 891 588 ierunt
909 533 1029 599 saucium,

237 627 352 680 persone
364 608 514 678 gravitatem
526 608 663 674 intuentes,
677 627 727 664 non
739 608 857 665 dubitent
870 608 969 665 dicere:

302 711 340 757 Tu
352 707 455 770 qucque,
469 708 561 764 Ulixes,
574 714 721 772 quemquim
730 712 834 773 praviter

303 784 425 828 cernimus
433 780 517 836 ictum,
529 780 597 826 nimi·
611 796 681 842 poens
691 783 771 829 enimc
783 796 809 829 es

303 851 379 905 molli,
391 850 432 911 qui
445 847 576 897 cousueuis
586 851 611 896 in
624 851 697 898 ermis

302 935 378 967 esrom
390 924 466 981 egere.

238 1017 363 1088 Intelligit
376 1020 451 1088 poeta
468 1016 588 1087 prudens,
601 1018 699 1074 terendi
713 1017 806 1074 doloris
823 1020 1031 1076 consuetudinem

237 1112 293 1148 esse
314 1110 365 1147 non
385 1093 594 1147 contemnendum
614 1094 770 1165 magistram.
807 1096 893 1167 Atque
917 1095 959 1151 illc
978 1106 1071 1152 nocto

236 1168 402 1223 immoderate
413 1185 505 1238 magno
517 1168 544 1223 in
556 1167 649 1235 dolere,

302 1269 411 1326 retinete,
421 1276 507 1326 tenete,
519 1266 655 1331 opprimite,
669 1270 739 1317 ulcus

301 1340 397 1386 crudete.
432 1340 489 1387 Heu
499 1340 616 1387 miserum
628 1343 681 1387 met
699 1341 831 1389 excrucier.

238 1433 333 1504 Incipit
343 1432 410 1487 labi:
428 1432 519 1488 deinde
530 1432 597 1488 illico
609 1432 711 1501 desinit,

301 1560 334 1569 —
343 1530 442 1595 6perite,
454 1530 582 1590 abscedite,
592 1534 694 1597 jamjam

300 1602 404 1651 mittite:
422 1619 478 1651 nem
491 1612 619 1652 attrectatu
630 1612 655 1653 et
666 1620 755 1668 quassu

302 1690 395 1723 servum
407 1674 552 1737 tmplificsti‘
566 1674 680 1723 dclcrem.

237 1769 358 1836 Videsne,
370 1773 401 1823 ut
419 1769 575 1825 obmutuerit
591 1785 643 1823 non
660 1768 764 1823 sedatus
782 1768 901 1840 eorporis,
915 1770 960 1825 sed
978 1788 1032 1827 css·

236 1846 336 1917 tigstus
352 1846 428 1901 animi
445 1844 535 1901 dolort
571 1845 663 1916 Itaque
679 1844 706 1899 in
722 1844 841 1900 extremis
854 1845 955 1918 Niptris
970 1846 1031 1902 elios

237 1940 339 1995 quoque
351 1922 476 1993 objurget,
489 1922 566 1994 idque
577 1924 695 1986 moriens,

292 2026 413 2088 Cbnqueri
425 2022 545 2072 confinem
557 2024 691 2079 adversam,
703 2019 752 2070 n6n
764 2019 893 2069 lementsri
903 2023 977 2070 decet

292 2096 323 2143 Id
334 2097 380 2144 viri
391 2104 427 2143 est
437 2096 557 2144 efficium:
575 2093 646 2141 fletus
656 2089 769 2140 miliebri
781 2092 877 2152 ingenio
888 2093 990 2141 tdditus.

236 2188 327 2260 Hujus
341 2188 418 2243 enimi
433 2206 491 2259 pers
509 2186 551 2241 ills
568 2184 667 2239 mollior
679 2183 772 2239 rationi
789 2183 826 2239 sic
841 2186 935 2256 paruit,
947 2191 977 2241 ut
992 2205 1032 2243 se·

236 2282 298 2320 vero
310 2264 455 2335 imperatori
468 2264 539 2318 miles
552 2260 659 2331 pudens.

272 2340 363 2395 XXII.
385 2340 418 2394 In
435 2357 485 2410 quo
503 2338 557 2393 viro
578 2337 627 2392 erit
646 2335 760 2407 perfecte
780 2338 918 2407 sepientis:
945 2341 1069 2410 (quemtl

236 2416 321 2471 adhuc
344 2433 391 2471 nce
415 2414 516 2486 quidem
539 2413 648 2469 vidimus
677 2412 823 2468 neminem:
854 2416 899 2470 sed
922 2416 1030 2485 philosc

236 2493 347 2564 phorum
364 2491 506 2556 sententiis,
519 2489 600 2560 qualis
617 2488 658 2544 hic
676 2489 780 2545 futurus
798 2490 840 2555 sit,
856 2492 879 2545 si
896 2490 971 2546 modo
988 2492 1033 2547 eii·

236 2567 339 2640 quando
360 2567 445 2631 fuerit,
464 2566 598 2636 exponitur
607 2566 626 2631 z)
644 2564 667 2618 is
685 2564 772 2634 igitur,
791 2566 863 2620 sies
881 2567 955 2631 ratio,
976 2585 1032 2637 quse

236 2645 287 2699 erit
299 2644 327 2698 in
337 2660 369 2698 ec
381 2642 494 2713 perfecte
505 2646 582 2712 etque
590 2639 714 2704 absolute,
725 2640 763 2695 sic
774 2639 810 2694 iiii
822 2641 889 2710 perti
899 2641 1032 2711 imperabit

235 2718 359 2786 inferiori,
368 2721 399 2772 ut
408 2718 495 2788 justus
503 2734 594 2788 parens
603 2714 689 2787 probis
702 2715 775 2781 filii„
793 2720 871 2779 nutu,
878 2715 1044 2785 cucumim,

236 2796 363 2861 conficiet,
381 2793 450 2849 nullo
466 2793 560 2859 labore,
579 2791 652 2849 nuile
669 2790 812 2849 mciestis:
837 2791 929 2860 eriget
939 2788 1006 2865 'mse
1020 2800 1068 2859 δὲ)

229 2869 369 2935 suscitabit,
391 2870 515 2941 instruet,
543 2871 669 2943 armabit,
695 2876 738 2940 ut,
764 2874 914 2939 tumuerim
930 2861 1029 2914 seem,
1043 2862 1093 2899 *ew
