2634 3367
490 327 558 376 LIB.
569 329 600 376 V.
623 328 697 376 CAP.
712 330 749 388 19,
761 331 798 377 20.
994 330 1040 381 1⁷5

240 438 329 510 jussit,
341 437 372 492 P.
385 435 478 501 Crassi,
495 436 527 490 L.
540 435 656 501 Caesaris,
675 436 885 491 nobilissimorum
902 435 1040 501 hominum,

243 533 354 586 quorum
367 513 447 567 virtus
465 512 548 565 iuerat
564 510 632 565 domi
649 511 795 582 militiaeque
814 512 922 581 cognite,
936 511 974 565 Μ.
986 514 1040 565 Au-

243 591 317 654 tonii,
339 589 450 643 omnium
475 587 681 657 eloquentissimi,
702 606 765 658 quos
789 606 837 658 ego
860 587 989 652 audierim,
1012 589 1039 642 O.

244 667 359 730 Caesaris,
381 666 408 719 iu
428 681 480 733 quo
502 662 564 716 mihi
584 662 686 717 ridetur
706 664 833 733 specimen
853 663 932 717 fuisse
953 664 1038 717 bume-

242 741 340 805 nitetis‚
354 739 421 803 salis,
439 737 579 802 suavitatis,
596 738 697 805 leporis.
732 739 861 794 Beatusne
878 740 965 809 igitur,
980 739 1039 809 quia

240 817 291 871 hos
315 815 464 870 interfecit?
500 813 567 867 Mihi
590 817 679 868 contra
702 832 754 868 non
777 814 858 869 solum
881 833 912 869 eo
936 816 1038 870 videtur

243 894 329 956 miser,
343 890 411 962 quod
423 908 453 944 ea
464 888 532 953 fecit,
544 889 685 954 sedetiam,
699 889 767 959 quod
778 893 815 944 ita
827 909 854 945 se
865 891 953 961 gessit,
966 896 996 945 ut
1008 909 1038 946 ea

242 968 328 1021 faeere
346 967 370 1021 ei
387 965 483 1020 liceret.
519 964 577 1019 Etsi
595 982 698 1034 peecare
715 967 808 1020 nemini
826 967 901 1021 licet:
922 966 967 1021 sed
985 986 1037 1021 ser-

242 1044 326 1097 monis
338 1060 422 1097 errore
433 1039 548 1094 labimur.
576 1039 609 1094 Id
621 1041 688 1095 enim
700 1040 774 1096 licere
787 1042 900 1105 dicimus,
915 1042 982 1113 quod
995 1043 1036 1098 cui

241 1118 398 1173 conceditur.
435 1116 530 1171 Utrum
554 1115 656 1169 tandem
680 1115 777 1171 beatior
802 1118 829 1170 O.
848 1117 947 1172 Marius
970 1123 1033 1183 tum,
1044 1128 1076 1176 56

241 1212 323 1264 quum
341 1192 473 1248 Cimbrice
491 1192 602 1246 victoriae
623 1191 729 1261 gloriam
749 1210 807 1246 cum
829 1192 925 1262 collega
946 1194 1035 1249 Osterio

242 1269 447 1332 communicavit,
461 1285 531 1337 poene
548 1267 628 1322 uitero
644 1267 731 1332 Lesbio,
746 1269 814 1337 (uam
832 1268 900 1322 hunc
917 1268 954 1322 illi
970 1269 1035 1324 duco

242 1345 417 1412 simillimum)
430 1361 464 1397 an
479 1361 555 1413 quum
574 1342 641 1398 civili
656 1343 722 1398 bello
738 1345 826 1409 victor,
843 1344 932 1408 iratus,
949 1361 1035 1399 neces·

241 1423 315 1477 soriis
337 1420 422 1475 Catuli
443 1418 635 1489 deprecantibus
655 1437 707 1473 non
731 1420 809 1474 semel
832 1419 969 1489 respondit,
989 1420 1034 1475 sed

241 1516 316 1567 sepe,
329 1496 476 1551 Morietur?
512 1496 544 1548 In
560 1513 610 1565 quo
625 1494 723 1549 beatior
735 1495 785 1562 ille,
797 1495 840 1565 qui
856 1496 916 1550 huic
932 1496 1033 1553 nefarie

241 1572 298 1627 voci
310 1572 402 1643 paruit,
415 1570 533 1641 quomis,
547 1571 590 1641 qui
601 1575 654 1625 tam
667 1572 788 1626 scelerate
800 1572 941 1642 imperavit.
965 1573 1033 1627 Nam

241 1667 321 1719 quum
344 1648 464 1718 occipere,
486 1665 559 1716 quam
585 1646 674 1712 faeere,
699 1652 802 1718 prestat
825 1648 951 1719 injuriam,
976 1653 1032 1704 tum

240 1724 318 1780 morti
333 1724 386 1794 jam
406 1724 456 1792 ipsi
475 1722 622 1777 adventanti
639 1724 750 1793 paullum
771 1725 905 1793 procedere
923 1725 1030 1791 obviam,

240 1800 309 1871 qnod
327 1800 387 1855 iecit
406 1798 518 1864 Catulus,
537 1817 619 1869 quam,
638 1798 706 1869 quod
723 1799 830 1865 Murius,
848 1800 906 1853 telis
925 1801 972 1854 viri
993 1801 1032 1855 in-

239 1877 319 1932 teritu
336 1894 382 1931 sex
397 1894 456 1930 suos
474 1875 581 1930 obruere
593 1874 746 1941 consulatus,
760 1879 786 1929 et
803 1876 973 1930 contaminare
988 1894 1031 1931 ex-

239 1955 350 2007 tremum
362 1957 462 2021 tempus
475 1952 565 2006 aetatis.

274 2030 332 2082 XX
349 2027 608 2099 Duodequadraginta
625 2043 703 2080 annos
721 2029 844 2095 tyrannus
863 2025 1025 2095 Syracusano·
1039 2033 1070 2086 57

238 2123 296 2160 rum
313 2104 364 2157 fuit
382 2104 527 2174 Dionysius,
544 2121 621 2173 quum
633 2118 651 2156 v
664 2106 690 2156 et
707 2119 746 2157 xx
763 2105 839 2155 natus
857 2119 936 2155 anuos
954 2102 1031 2156 domi-

238 2183 327 2233 natum
339 2181 522 2248 occupavisset.
559 2180 615 2244 Qua
629 2177 816 2248 pulchritudine
828 2176 923 2241 urbem,
937 2178 1029 2248 quibus

238 2259 325 2309 sutem
350 2256 440 2325 opibus
465 2255 603 2326 preditam,
627 2255 752 2309 servitute
774 2271 921 2324 oppressam
946 2255 1030 2310 tenuit

237 2330 385 2386 civitatem!
419 2332 499 2401 Atqui
511 2331 542 2385 de
554 2331 602 2385 hoc
613 2331 713 2385 homine
726 2349 741 2384 u
752 2330 824 2385 bonis
837 2331 981 2386 auctoribus
993 2332 1030 2387 sic

237 2406 361 2476 scriptum
377 2407 525 2476 accepimus,
538 2425 660 2461 summum
674 2406 753 2461 fuisse
769 2407 824 2478 ejus
841 2408 868 2462 in
879 2408 949 2463 victu
964 2412 1030 2462 tem·

236 2483 384 2551 percutiam,
405 2484 432 2537 in
452 2482 577 2553 rebusque
600 2482 717 2553 gerendis
735 2483 819 2538 virum
842 2502 922 2539 acrem
945 2488 971 2538 et
991 2485 1028 2538 in·

236 2557 371 2624 dustrium,
381 2557 495 2612 eumdem
507 2563 592 2612 tamen
604 2558 743 2613 maleficum
756 2564 847 2613 natura
858 2564 885 2614 et
896 2559 1027 2629 injustum.

235 2633 278 2698 Ex
290 2651 341 2704 quo
352 2633 476 2698 omnibus,
491 2636 553 2688 bene
565 2635 698 2689 veritatem
710 2635 876 2701 intuentibus,
889 2634 969 2689 videri
984 2653 1028 2688 ne-

235 2727 307 2765 cesse
319 2714 359 2763 est
371 2710 545 2764 miserrimum.
581 2710 620 2763 Ea
632 2710 698 2764 enim
714 2710 776 2779 ipsa,
790 2729 846 2780 quae
858 2710 1026 2778 concupierat,

235 2802 268 2840 ne
285 2789 340 2838 tum
353 2784 462 2855 quidem,
474 2803 551 2856 quum
567 2785 651 2839 omnia
668 2803 696 2840 se
713 2804 789 2857 posse
802 2783 1032 2845 censebuuoouss-

231 2860 364 2927 quebatnr.
412 2860 463 2929 Qui
488 2880 573 2937 quum
597 2871 671 2921 esset
689 2862 772 2921 bonis
793 2857 956 2932 questum
975 2856 1106 2915 oopus*
