2634 3367
518 348 587 397 LIB.
599 348 629 395 V.
647 347 721 394 CAP.
734 349 772 395 27.
997 349 1039 396 18³

281 459 395 516 xxm
415 460 472 515 Sint
490 459 557 515 enim
574 457 625 513 tria
642 473 736 529 genera
752 455 881 521 bonorum,
901 458 942 526 (ut
954 459 1007 526 jam
1024 462 1078 512 oto

243 537 342 607 laqueis
366 536 517 601 Stoioorum,
540 534 632 607 quibus
655 551 731 589 usum
754 551 795 589 me
818 532 940 604 pluribus,
963 552 1038 605 qnam

243 611 322 677 soleo,
340 612 455 683 intelligo
473 610 647 679 reoedamuaz)
673 610 725 666 siut
742 627 802 665 saue
821 608 864 665 illa
884 627 977 681 genera
994 610 1038 666 bo·

243 705 343 753 norum,
356 687 417 743 dum
434 687 547 759 eorporis
565 690 592 743 et
609 690 716 742 externa
729 686 830 757 jaoeaut
848 685 925 753 humi,
942 688 968 740 et
983 689 1038 739 tan·

243 763 384 829 tummodo,
404 764 464 834 quia
484 762 606 818 sumenda
625 762 685 829 sint,
706 761 865 833 appellentur
884 761 965 828 bona;
989 761 1038 815 alia

244 840 332 892 autem
351 837 394 893 illa
409 837 494 893 divina
510 838 585 910 louge
606 836 707 909 lateque
724 854 752 893 se
769 836 881 908 pandant
899 837 1038 909 caelumque

244 913 411 984 eontingant:
429 914 493 985 [ut]
510 931 540 969 ea
557 913 601 986 qui
619 913 726 985 adeptus
744 912 786 978 sit,
799 929 845 969 our
860 930 919 969 eum
934 912 1038 969 beatum

245 988 329 1055 modo,
348 992 376 1045 et
395 1007 447 1045 non
466 989 639 1046 beatissimum
658 990 736 1046 etiam
756 988 881 1044 dixerim?
916 988 1037 1047 Dolorem

244 1080 306 1120 vero
324 1064 425 1135 sapiens
448 1066 604 1122 extimesoet.
639 1065 669 1120 Is
690 1064 756 1120 euim
775 1064 835 1119 huie
853 1064 962 1121 maxime
982 1084 1037 1121 sen-

243 1140 333 1196 tentia
349 1144 492 1213 repugnat:
514 1159 574 1197 uam
594 1144 685 1197 eontra
702 1143 808 1196 mortem
829 1146 941 1195 nostram
960 1144 1036 1212 atque

242 1222 390 1272 nostrorum
413 1219 552 1289 contraque
575 1216 751 1289 aegritudinem
775 1217 802 1271 et
828 1214 936 1287 reliquae
960 1216 1036 1271 aniud

242 1291 447 1362 perturbationes
466 1293 530 1348 satis
550 1310 607 1348 esse
627 1291 742 1349 videmur
762 1291 920 1362 superiorum
938 1290 1034 1346 dierum

243 1365 459 1436 disputationibus
480 1367 570 1422 mmati
593 1371 621 1422 et
643 1366 742 1437 parati:
767 1365 839 1422 dolor
859 1382 915 1421 esse
935 1365 1036 1421 videtur

243 1443 381 1498 aoerrimus
404 1442 495 1498 virtuti
518 1442 694 1507 adsensum
719 1442 742 1497 is
766 1440 883 1498 ardentes
906 1440 975 1497 iaoes
998 1443 1036 1496 in-

242 1520 343 1584 teutat;
367 1518 390 1573 is
410 1517 594 1584 fortitudinem,
615 1516 815 1589 magnitudinem
834 1516 917 1583 animi,
938 1518 1035 1589 patien-

242 1592 306 1648 tiam
323 1610 352 1649 se
363 1593 554 1650 debilitaturum
570 1594 696 1650 minatur:
714 1593 774 1651 huie
791 1593 872 1665 igitur
887 1593 1034 1650 anooumbet
1044 1604 1074 1656 77

242 1668 340 1724 virtus:
359 1668 419 1725 huie
430 1669 505 1725 beata
516 1670 638 1741 sapientis
646 1674 674 1725 et
685 1670 825 1727 oonstautis
834 1669 883 1725 viri
890 1670 944 1726 vita
952 1670 1033 1727 oedet.

243 1743 329 1805 Quam
345 1747 438 1816 turpe!
463 1745 531 1801 odii
547 1746 621 1802 boui!
646 1745 725 1802 Pueri
742 1745 876 1814 Spartiatae
894 1762 946 1801 non
962 1746 1034 1817 iuge·

242 1820 354 1877 meeum
365 1820 499 1877 verberum
510 1820 596 1877 dolore
607 1821 703 1876 laniati.
727 1820 929 1877 Adolescentiam
942 1838 1033 1892 greges

241 1895 424 1952 Laoedaemone
442 1895 551 1952 vidimus
571 1896 621 1967 ipsi
639 1894 780 1951 inoredibili
800 1896 961 1952 contentione
982 1913 1033 1951 oer-

241 1976 328 2027 tantes
340 1972 441 2043 pugnis,
453 1971 572 2037 oaloibus,
581 1970 719 2043 unguibus,
731 1988 818 2027 morsu
829 1970 944 2044 denique,
955 1989 1033 2043 quum

238 2048 447 2104 exanimarentur
461 2047 540 2119 prius,
552 2064 628 2119 quam
643 2048 767 2103 semotos
782 2046 932 2102 faterentur.
967 2046 1032 2107 Quae

241 2122 358 2179 barbaria
378 2122 453 2178 India
471 2123 568 2179 vastior
590 2126 636 2177 aut
658 2121 802 2193 agrestior?
837 2122 871 2177 In
893 2139 924 2179 ea
946 2125 1032 2178 tamen

240 2203 320 2270 gente
334 2199 442 2270 primum
458 2197 485 2262 ii,
498 2198 542 2270 qui
556 2197 684 2269 sapientes
701 2196 834 2263 habentur,
851 2196 914 2253 nudi
931 2200 1032 2255 atatem

240 2277 322 2346 agunt
345 2277 373 2330 et
396 2274 504 2331 Oauoaai
527 2273 599 2329 nives
621 2272 803 2347 hiemalemque
825 2273 878 2332 um
900 2273 1032 2345 perionmt

239 2349 296 2406 sine
312 2348 414 2406 dolore:
438 2367 567 2422 quumque
587 2348 618 2405 sd
636 2349 763 2406 muman
781 2366 809 2407 se
829 2349 1030 2422 applioaverunt,

239 2427 339 2497 gemitu
355 2425 506 2481 aduruntur.
541 2425 665 2482 Mulieres
678 2443 739 2483 vero
755 2425 783 2482 iu
800 2426 881 2493 ludia,
895 2445 974 2500 quum
990 2430 1030 2483 est
1040 2442 1071 2492 73

239 2501 314 2573 oujus
329 2519 416 2557 eorum
427 2502 467 2557 vir
477 2505 601 2567 mortuus,
614 2502 642 2557 in
662 2506 791 2559 eertamen
804 2502 978 2575 judiciumque
989 2519 1030 2558 ve-

238 2576 323 2643 niunt,
338 2594 414 2648 quam
431 2577 568 2648 plurimum
584 2577 626 2634 ille
641 2576 776 2634 dilexerit:
797 2578 882 2648 plures
898 2578 965 2633 euim
980 2578 1031 2632 sin·

238 2652 308 2725 gulis
330 2652 413 2708 solent
436 2670 493 2708 esse
515 2656 620 2725 nuptas
646 2671 704 2723 qua
726 2655 766 2708 est
788 2653 889 2717 viatrix,
910 2669 941 2708 ea
963 2652 1029 2718 lata,

238 2727 452 2799 prosequentibus
463 2728 525 2795 suis,
536 2746 588 2783 uua
598 2744 658 2784 oum
668 2729 724 2784 viro
737 2728 765 2783 in
775 2744 865 2799 rogum
876 2726 1028 2797 imponitur:

238 2803 284 2859 illa
306 2803 375 2860 vieta
396 2805 485 2860 masta
507 2802 626 2862 disoedit.
666 2802 823 2875 liumuuam
838 2804 969 2857 neumam
981 2816 1048 2848 mss

233 2878 352 2937 numa
389 2878 836 2958 listemmessempeuiuiuota
865 2871 1073 2929 imnum·
