2634 3367
298 338 330 385 11
439 318 635 383 rus'connu.
653 332 948 383 mseurnrrouum
1052 391 1055 396 ,

297 446 402 503 nionnm
425 446 590 514 perversitate
614 464 762 500 versamur:
791 449 822 501 ut
845 462 916 515 paene
939 462 997 499 eum
1021 443 1089 499 laete

298 520 404 577 untrim‘s
420 537 530 574 errorem
546 521 645 575 suxisse
656 522 793 575 videamur.
831 522 914 586 Quum
926 538 986 575 vero
999 538 1089 590 paren·

298 596 367 649 tibus
388 594 488 659 redditi,
509 595 568 649 dein
591 597 719 667 magistris
743 596 832 650 traditi
855 614 949 659 sumus,
972 600 1029 650 tum
1051 596 1090 649 ita

299 673 374 726 variis
392 671 528 726 imbuimur
545 673 680 738 erroribus,
699 677 729 727 ut
746 673 853 727 vanitati
871 673 972 737 veritas,
990 676 1018 727 et
1036 673 1089 741 opi-

299 748 368 801 nioni
381 747 533 802 confirmata
544 752 635 802 natura
646 750 702 818 ipsa
713 748 793 802 cedat.

277 832 291 876 3
335 823 372 875 lI.
391 822 522 877 Accedunt
538 824 613 877 etiam
631 833 728 893 poetae:
748 824 790 893 qui
807 841 883 892 quum
900 840 1017 891 magnam
1032 840 1089 892 epe·

301 898 363 951 ciem
377 898 497 953 doetrinae
509 900 688 969 sapientiaeque
701 916 752 967 prae
768 916 795 952 se
807 897 928 962 tulerunt,
942 898 1090 963 audiuntur,

300 974 427 1043 leguntur,
440 974 595 1038 ediscuntur,
608 978 634 1027 et
652 974 821 1028 inhaerescunt
837 974 939 1041 penitus
956 973 983 1026 in
998 974 1091 1028 menti·

301 1050 363 1102 bus:
383 1068 460 1118 quum
472 1066 533 1103 vero
549 1049 646 1104 aceedit
664 1048 750 1103 eodem
764 1048 835 1118 quasi
852 1048 975 1101 maximus
987 1047 1090 1117 qnidam

301 1124 422 1194 magister
433 1123 548 1192 populus,
562 1128 637 1194 atque
649 1124 730 1177 omnis
743 1122 853 1193 undique
869 1122 900 1176 ad
913 1122 975 1175 vitia
986 1140 1090 1177 consen·

301 1200 368 1253 tiens
385 1199 530 1264 multitudo,
547 1205 601 1252 tum
619 1200 692 1268 plane
709 1199 834 1253 inficimur
845 1198 991 1268 opinionum
1007 1199 1092 1268 pravi·

302 1280 356 1327 tate
368 1292 383 1327 a
394 1280 534 1344 naturaque
543 1274 704 1328 desciscimus
714 1298 719 1328 :
739 1278 769 1328 nt
781 1273 853 1327 nobis
865 1274 984 1343 optimam
998 1274 1091 1345 magis·

302 1358 367 1403 tram
385 1349 503 1402 invidisse
515 1349 657 1412 rideantur,
671 1350 715 1419 qui
729 1349 792 1403 nihil
808 1348 897 1402 melius
911 1348 1014 1413 homini,
1027 1349 1092 1405 nihil

302 1424 382 1491 magis
390 1423 567 1492 expetendum.
574 1425 637 1477 nihil
646 1425 807 1493 praestantius
817 1423 961 1489 honoribus,
971 1424 1091 1494 imperiis,

302 1498 417 1567 populari
432 1498 512 1567 gloria
525 1497 709 1566 judicaverunt.
745 1498 786 1552 Ad
798 1518 874 1567 quam
886 1499 968 1553 fertur
979 1500 1091 1569 optimus

303 1574 423 1643 qnisqne;
444 1590 578 1643 veramque
598 1574 665 1627 illam
683 1574 842 1627 honestatem
863 1578 993 1645 expetens,
1014 1592 1091 1645 quum

302 1666 378 1701 unam
390 1652 481 1700 natura
497 1648 602 1701 maxime
618 1648 771 1716 inquiritur
787 1666 884 1702 summa
900 1650 1023 1704 inanitate
1035 1668 1092 1704 rer-

303 1733 381 1786 11111,
398 1726 606 1791 consectaturque
623 1722 716 1775 nullam
735 1723 885 1777 eminentem
902 1725 1008 1793 effigiem
1026 1725 1090 1794 [vin

303 1797 388 1867 tutis],
410 1797 455 1850 scd
475 1796 646 1850 adumbratam
668 1797 802 1868 imaginem
826 1799 920 1869 gloria.
955 1800 1004 1853 nst
1025 1801 1092 1854 enim

301 1873 383 1943 gloria
398 1871 478 1926 solida
489 1871 601 1942 quadam
617 1890 658 1926 res
675 1877 701 1926 et
718 1891 843 1943 expressa,
861 1892 912 1928 non
928 1873 1092 1929 adumbrata:

301 1966 333 2003 ea
348 1953 388 2003 est
406 1948 564 2002 consentiens
581 1947 636 2002 lans
653 1948 784 2013 bonorum,
803 1950 950 2018 incorrupta
960 1967 1011 2003 vox
1028 1948 1094 2003 bene

299 2024 469 2094 judicantium
487 2023 518 2078 de
539 2023 677 2078 excellente
694 2024 805 2078 virtute:
830 2042 861 2077 ea
880 2024 970 2078 virtuti
991 2030 1094 2077 resonat

303 2106 432 2170 tamquam
449 2101 538 2171 imago.
574 2100 640 2158 Quae
652 2100 712 2169 quia
723 2103 792 2154 reete
804 2099 928 2154 factorum
945 2098 1094 2169 plerumque

280 2178 446 2237 4111111111,
459 2179 561 2229 nonest
577 2176 650 2230 bonis
663 2177 724 2230 viris
740 2174 901 2244 repudianda.
938 2174 986 2228 llla
998 2179 1092 2240 autem,

304 2268 360 2319 qnae
377 2268 404 2303 se
416 2250 471 2318 ejus
489 2246 647 2304 imitatricem
665 2268 721 2304 esse
733 2251 795 2314 vult,
812 2250 945 2304 temeraria
961 2254 1037 2319 atque
1055 2250 1095 2303 in-

304 2323 468 2386 considerata,
481 2329 508 2377 11
526 2324 672 2393 plerumque
688 2332 848 2393 peccatorum
860 2327 1028 2395 vitiorumque
1040 2325 1094 2379 lan-

304 2398 394 2460 datrix,
405 2397 471 2450 fama
478 2398 605 2466 popularis
612 2399 771 2455 simulatione
778 2402 918 2455 honestatis
925 2402 1030 2455 formam
1038 2402 1094 2471 ejus

304 2472 567 2542 pulchritudinemque
584 2476 730 2543 corrumpit.
768 2479 825 2540 Qua
842 2478 954 2531 caecitate
972 2478 1095 2546 homiues,

305 2565 382 2616 quum
392 2546 504 2615 qnaedam
518 2547 594 2599 etiam
607 2549 726 2617 praeelara
735 2556 865 2618 cuperent,
876 2571 955 2623 eaque
966 2554 1095 2608 1111111111

304 2622 415 2687 necubi,
428 2640 474 2677 neo
487 2623 570 2693 qualia
581 2630 674 2689 essent,
687 2626 802 2681 funditus
815 2629 857 2683 alii
873 2634 1020 2683 everterunt
1035 2647 1095 2684 enas

305 2700 429 2763 civitates,
441 2700 482 2752 alii
495 2700 543 2769 ipsi
554 2700 709 2755 occiderunt
739 2705 825 2772 Atque
837 2705 864 2758 hi
876 2705 985 2775 quidem,
998 2706 1096 2772 optima

293 2783 426 2841 petentes,
438 2793 491 2829 non
504 2783 555 2829 tam
569 2776 707 2842 voluntate,
721 2797 794 2848 quam
805 2797 894 2833 cursus
907 2797 991 2833 errore
1004 2780 1095 2833 fallun-

284 2851 337 2904 tur.
382 2851 477 2919 Quid?
499 2854 547 2929 qui
569 2854 688 2929 11111111
708 2854 859 2925 cupititate,
877 2855 924 2920 mix
937 2854 1100 2919 uoluptatum
