2634 3367
259 349 306 397 120
393 344 905 396 rosensemmspurn'rlouum

258 458 387 512 Pnnaetius
404 455 491 511 laudat
508 455 615 525 epistola
632 454 748 523 quadam,
761 474 824 527 ,qnae
842 459 883 511 est
904 452 944 510 sd'
955 456 988 515 Q
1001 456 1051 509 {la-

258 533 384 597 berouem,
397 533 585 603 Pythagoreum
603 531 711 585 videtur.
748 532 834 587 Multa
850 532 927 586 etiam
946 532 1051 585 suntin

258 612 353 664 nostris
371 608 496 662 institutis
514 607 591 661 dueta
608 608 640 661 ab
658 608 722 663 illis:
745 627 801 679 quse
819 612 950 677 pretereo,
964 626 997 661 ne
1014 626 1050 673 ea,

259 703 315 755 quaa
327 685 453 754 peperisse
465 684 514 754 ipsi
530 689 657 754 putamur,
671 683 771 738 aliunde
783 683 900 738 didicisse
912 683 1049 739 videamur.

236 759 317 825 obed,
330 766 359 814 ut
375 760 408 814 ad
425 760 581 830 propositum
594 759 680 814 redeat
696 761 792 827 orati03
811 778 885 831 quam
903 758 976 814 brevi
987 764 1050 814 tem·

258 854 319 906 pore
336 843 398 906 quot
416 841 443 890 et
461 837 549 907 quanti
566 840 657 906 poetae,
675 836 720 905 qui
738 843 823 890 autem
841 839 955 890 oratores
973 835 1051 891 exsti-

258 916 362 967 terunt!
395 912 468 967 facile
492 918 522 967 ut
545 918 672 982 appareat,
696 917 798 966 nostros
821 911 906 966 omnia
929 912 1052 983 consequi

258 989 379 1058 potuisse,
393 989 468 1043 simul
481 994 510 1043 ut
521 989 585 1043 velle
598 989 741 1058 cepissent.

294 1065 346 1119 111.
365 1064 415 1119 Sed
433 1064 464 1119 de
482 1065 572 1120 ceteris
590 1063 682 1118 studiis
700 1064 749 1118 alio
767 1064 823 1117 loco
843 1066 870 1117 et
888 1062 1009 1129 dicemus,
1029 1064 1051 1118 si

258 1158 321 1195 usus
333 1140 418 1205 fuerit,
432 1146 458 1196 et
470 1159 538 1211 sepe
548 1140 666 1209 diximus.
700 1140 837 1210 Sapientis
850 1139 963 1193 studium
976 1145 1051 1195 vetus

258 1216 285 1272 id
297 1217 398 1288 quidem
415 1218 442 1271 in
458 1218 566 1272 nostris:
585 1215 629 1271 sed
641 1221 727 1270 tamen
744 1220 803 1269 ante
816 1215 886 1270 Laelii
902 1220 1005 1269 satutem
1024 1220 1051 1271 et

260 1293 383 1362 Scipionis
395 1311 447 1347 non
455 1294 561 1362 reperio,
572 1310 635 1363 quos
647 1292 772 1362 appellare
785 1292 878 1361 possim
890 1292 1050 1347 nominatim.

260 1370 357 1435 Quibus
375 1367 582 1434 adolescentibus,
606 1369 719 1423 Stoicum
741 1368 882 1437 Diogenem
903 1371 930 1421 et
951 1368 1051 1423 Aoede-

259 1446 351 1499 micum
368 1444 520 1498 Oarneadem
532 1443 605 1498 video
623 1444 655 1498 ad
673 1449 787 1498 senatum
807 1443 837 1497 ab
850 1443 1050 1499 Atheniensibus

258 1520 348 1574 missos
366 1538 421 1574 esse
441 1520 546 1588 legatos,
559 1520 603 1589 qui
621 1539 698 1590 quum
717 1519 862 1590 reipublice
880 1520 976 1573 nullam
993 1539 1051 1575 um·

259 1613 334 1663 quam
354 1599 451 1664 partem
472 1594 624 1665 attigissent,
644 1600 761 1666 essetque
782 1613 868 1651 eorum
889 1595 953 1649 ulter
974 1598 1051 1667 Cyre-

258 1688 336 1737 naeus,
345 1671 409 1724 alter
418 1670 578 1741 Babylonius,
589 1689 724 1742 numquam
738 1673 851 1741 profecto
860 1671 952 1726 sobolis
962 1677 1050 1727 essent

259 1746 371 1813 echtati,
382 1764 464 1817 neque
480 1746 512 1800 ad
523 1745 585 1799 illud
597 1765 689 1801 munus
704 1747 786 1812 electi,
798 1749 847 1802 nisi
858 1748 885 1801 in
897 1746 1050 1818 quibusdam

259 1822 413 1893 principibus
434 1822 590 1892 temporibus
610 1822 659 1877 illis
683 1822 791 1877 fuissent
814 1823 899 1877 studia
918 1822 1050 1879 doctrinm.

259 1898 313 1957 Qui
324 1917 403 1969 quum
417 1903 503 1953 cetera
517 1898 610 1953 litteris
627 1899 781 1964 mandarent,
795 1899 838 1953 ulii
852 1900 895 1969 jus
912 1898 993 1963 civile,
1006 1900 1050 1955 alii

258 1975 385 2029 orationes
406 1993 472 2041 suas,
493 1975 535 2029 alii
554 1980 718 2029 monumenta
738 1980 875 2045 majorum:
906 1975 972 2029 hano
996 1994 1050 2029 am·

257 2051 394 2121 plissimam
410 2054 521 2107 omnium
534 2053 627 2107 artium
638 2053 703 2107 bene
715 2051 813 2107 vivendi
826 2051 982 2122 disciplinam
995 2054 1050 2107 vita

234 2129 346 2199 tmagis,
360 2147 436 2200 quam
447 2128 540 2183 litteris
556 2129 684 2199 persecuti
695 2132 762 2182 sunt.
798 2128 889 2197 Itaque
901 2127 969 2181 illius
981 2146 1050 2183 verae

257 2202 429 2275 elegantisque
445 2205 618 2275 philosophiae,
631 2223 689 2275 qum
702 2203 780 2258 ducta
791 2222 807 2257 a
819 2204 922 2257 Socrate
937 2204 965 2257 in
976 2204 1050 2259 Peri-

257 2279 374 2348 pateticis
386 2279 468 2334 adhuc
484 2281 628 2350 permansit,
641 2285 668 2335 et
680 2280 745 2335 idem
757 2278 892 2333 ullomodo
904 2279 1048 2335 dicentibus

258 2354 358 2419 Stoicis,
379 2374 456 2425 quum
474 2355 618 2410 Academici
638 2374 723 2410 eorum
745 2356 928 2411 controversias
949 2355 1049 2426 discep-

256 2434 348 2494 tarent,
372 2430 441 2484 nullu
461 2431 514 2486 lere
539 2436 599 2485 sunt
623 2438 668 2485 aut
692 2450 772 2501 pauca
795 2431 930 2485 admodum
953 2432 1049 2487 Latina

257 2511 427 2573 monumenta,
448 2507 501 2561 sive
520 2512 623 2577 propter
646 2507 844 2577 magnitudinem
865 2526 949 2561 rerum
972 2526 1048 2562 occu·

256 2580 434 2652 potionemque
454 2582 590 2647 hominum,
609 2582 663 2637 sive
684 2584 767 2647 etiam,
786 2583 854 2653 quod
874 2583 998 2653 imperitis
1017 2603 1049 2639 ea

256 2656 358 2727 probari
377 2677 451 2728 posse
471 2677 522 2712 non
542 2658 744 2724 arbitrabantur3
770 2677 848 2729 quum
869 2659 977 2723 interim,
997 2660 1047 2714 illis

256 2733 397 2801 silentibus,
419 2735 448 2789 G.
460 2735 608 2789 Amafanius
628 2735 729 2789 exstitit
749 2735 855 2789 dicens:
882 2736 954 2804 cujus
975 2734 1047 2800 libris

252 2808 330 2865 editis
341 2817 467 2867 commota
483 2811 620 2867 multitudo
632 2810 740 2865 contulit
756 2828 784 2864 se
798 2809 830 2863 ad
842 2810 954 2864 eamdem
967 2812 1047 2880 potis-

233 2884 332 2942 simum
353 2888 528 2965 disciplinam,
548 2890 605 2950 sive
627 2886 774 2961 quoderat
794 2886 903 2954 cognitu
920 2886 1060 2951 pertesum,
