2634 3367
270 347 318 400 170
406 346 603 395 TUSCULAN.
620 341 919 393 Dlsruuaulouvu

269 453 402 518 fortitudo,
415 453 464 508 nisi
476 454 552 507 ammi
568 454 668 510 affectio
681 472 759 525 quum
776 454 804 509 in
819 451 937 508 mundo
950 450 1056 522 periculo

270 536 298 585 et
318 529 450 584 inlabere
470 546 500 583 ae
520 529 607 585 dolore
628 532 734 600 patiens,
753 534 807 585 turn
830 528 920 599 procul
940 528 973 583 ab
994 526 1056 583 omni

229 613 264 660 42
272 606 361 661 metu?
390 607 476 675 Atque
487 604 541 659 hac
552 609 622 659 certe
633 624 685 660 non
696 608 733 660 ita
744 623 772 660 ee
783 603 914 669 haberent,
927 604 977 658 nisi
989 620 1056 659 omne

271 682 365 736 bonum
377 681 404 733 in
419 698 471 734 una
485 680 618 735 honestate
630 682 788 736 consisteret.
824 680 877 745 Qui
892 684 980 735 autem
995 679 1056 734 iliam

271 756 380 811 maxime
391 760 504 826 optatam
516 766 543 811 et
557 758 696 826 expetitam
711 757 874 812 securitatem
887 755 1056 824 (emunitatem

271 836 357 887 autem
369 849 438 887 nunc
449 832 549 901 appello
561 833 713 887 vacuitatem
731 831 897 903 egritudinis,
910 831 937 885 in
949 849 1001 902 qua
1011 831 1056 886 sits

271 909 347 964 beata
362 908 446 979 posita
457 910 508 976 eet)
523 908 613 963 babere
625 909 756 979 quisquam
774 911 867 978 potest,
880 907 923 962 oui
939 911 986 961 aut
998 906 1056 961 adsit

272 989 317 1039 aut
329 983 418 1039 adesse
431 985 510 1054 possit
522 984 659 1039 multitudo
675 984 817 1038 malorum?
851 983 906 1041 Qui
917 987 1004 1037 autem
1020 1000 1056 1053 po

272 1060 334 1115 terit
346 1078 403 1115 esse
414 1060 497 1115 celsus
512 1065 539 1114 et
555 1064 655 1114 erectus
667 1063 694 1114 et
711 1077 749 1124 ea,
762 1076 819 1128 quae
836 1058 933 1113 homini
951 1058 1056 1114 accidere

272 1141 390 1206 possum,
406 1136 490 1191 omnia
509 1153 586 1206 parva
606 1134 709 1201 ducens,
727 1134 826 1205 qualem
847 1134 988 1205 eapientem
1008 1149 1056 1189 esse

272 1212 398 1276 volumus,
416 1212 466 1266 nisi
485 1211 569 1265 omnia
589 1210 637 1266 sibi
654 1212 682 1264 in
702 1229 730 1265 se
749 1209 833 1281 posita
852 1209 988 1265 censebit?
1023 1212 1056 1264 Aa

271 1287 466 1352 Laoedaemonii,
479 1286 597 1358 Philippo
614 1286 742 1341 minitanti
758 1304 803 1355 per
819 1284 914 1350 literas,
927 1303 957 1340 se
973 1286 1056 1350 omnia

271 1381 330 1432 qua
352 1368 516 1427 conarentuit
535 1362 728 1432 prohibiturum,
751 1361 930 1432 quasiverunt
950 1379 1013 1415 num
1036 1377 1056 1415 es

271 1441 340 1492 esset
352 1439 428 1493 etiarn
441 1438 507 1492 mod¹
519 1438 707 1508 prohibiturus:
726 1437 765 1493 vir
781 1438 811 1501 ie,
826 1454 900 1508 quem
917 1438 1056 1507 querimus,

271 1530 323 1566 non
343 1513 423 1567 multo
440 1512 538 1567 facibus
555 1514 602 1568 tali
618 1514 701 1568 animo
719 1512 866 1583 reperietur,
881 1529 958 1582 quam
975 1512 1056 1567 civitas

271 1588 409 1643 universa?
433 1588 521 1647 Quid?
546 1589 578 1643 ad
594 1588 855 1652 hanciortitudinem‚
868 1587 966 1657 dequo
982 1587 1056 1659 loqui·

272 1681 337 1728 mur,
350 1664 517 1733 temperantia
528 1663 654 1733 adjuncta,
668 1684 724 1735 quae
740 1664 773 1719 sit
785 1663 940 1718 moderatrix
952 1663 1056 1718 omnium

273 1739 477 1803 commotionum,
491 1738 551 1809 quid
563 1744 648 1808 potest
660 1740 693 1794 ed
704 1740 777 1794 beate
786 1738 922 1794 vivendum
934 1738 1023 1793 deesse
1031 1737 1056 1801 ei,

273 1833 348 1886 quem
360 1814 485 1869 fortitudo
497 1814 527 1869 ab
540 1815 690 1885 egritudine
702 1819 728 1869 et
745 1833 760 1870 a
774 1818 845 1868 metu
856 1812 969 1868 vindicet
976 1836 984 1880 ;
1002 1820 1056 1867 tem

272 1892 388 1962 perantia
403 1894 459 1946 tum
474 1909 489 1945 a
505 1890 608 1945 libidine
619 1894 716 1956 avocet,
729 1894 785 1944 turn
801 1889 920 1945 insolenti
935 1889 1056 1944 uacuas

274 1968 369 2038 gestire
386 1985 438 2021 non
456 1967 543 2021 sinat?
568 1968 632 2021 Haec
647 1967 745 2021 efficere
756 1965 878 2020 virtutem
896 1965 1055 2020 ostenderem

273 2043 324 2098 nisi
336 2042 508 2113 superioribus
520 2042 609 2097 diebus
620 2046 706 2097 emant
718 2041 850 2110 explicata.

233 2122 266 2167 4³
309 2119 368 2173 XV.
393 2120 480 2188 Atque
501 2136 579 2187 quum
601 2117 805 2187 perturbationes
830 2115 907 2171 animi
930 2116 1056 2179 miseriam

275 2193 418 2248 sedationes
439 2198 523 2247 autem
545 2194 623 2248 vitam
644 2194 753 2248 efficiant
776 2193 891 2247 beatam:
922 2190 1056 2262 duplexque

275 2270 341 2323 ratio
361 2269 558 2338 perturbationis
582 2269 624 2334 eit,
645 2268 714 2340 quod
734 2266 857 2338 egritudo
881 2270 908 2320 et
931 2272 1017 2322 metue
1040 2267 1056 2321 ir

275 2344 347 2397 malis
359 2344 476 2412 opinatis,
487 2345 514 2397 in
525 2343 647 2398 bonorum
660 2349 745 2399 autem
758 2362 842 2399 errore
853 2342 943 2397 laetitia
954 2343 1056 2414 gestiam

275 2418 402 2487 libidoque
420 2423 550 2474 versetur:
575 2439 653 2491 quum
674 2421 728 2475 haec
744 2420 827 2474 omnia
844 2436 901 2474 cum
919 2419 1025 2474 consilio
1040 2437 1056 2475 e

275 2495 373 2549 ratione
389 2498 519 2564 pugnent3
538 2495 578 2549 bis
596 2500 627 2549 tu
641 2500 695 2551 tarn
713 2496 832 2565 gravibus
848 2495 1056 2551 concitationibus

276 2576 379 2642 tamque
400 2569 462 2639 ipsis
473 2570 550 2623 inter
567 2588 594 2625 se
614 2571 823 2627 dissentientibus
843 2575 920 2641 atque
938 2571 1056 2626 distracti

277 2666 352 2719 quem
372 2664 487 2709 vacuum,
513 2645 632 2708 solutum,
655 2646 763 2701 liberum
787 2645 886 2712 videris,
906 2646 976 2701 bunc
997 2646 1056 2701 dubi

275 2723 342 2778 tabis
354 2722 456 2778 beatum
469 2719 572 2775 diceret
599 2722 680 2792 Atqui
692 2722 791 2791 sapiens
803 2739 902 2791 semper
913 2721 950 2775 ita
962 2722 1055 2777 affeetu

260 2805 312 2857 est.
350 2801 464 2876 Semper
480 2799 563 2875 igitur
579 2797 682 2871 sapiens
696 2796 791 2853 beatus
807 2802 857 2850 est.
893 2800 976 2865 atque
992 2797 1056 2852 etiau

247 2894 331 2939 omne
358 2881 462 2943 bonum
489 2878 606 2942 loetabile
632 2879 693 2935 est:
724 2872 798 2944 quod
816 2873 907 2925 autern
917 2868 1056 2931 mutues-
