2634 3367
482 359 550 407 LIB.
568 358 604 407 11.
622 359 697 407 csP.
714 362 753 418 2³,
766 361 804 408 24.
1007 360 1037 410 75

244 471 296 525 tale
314 470 443 526 evenerit:
464 472 509 539 sic,
526 472 570 542 qni
587 471 681 526 doloris
699 470 808 541 speciem
826 471 892 526 ferre
910 487 962 525 uon
979 489 1037 541 pos-

244 552 314 611 sunt,
328 546 450 617 ebjicinnt
465 566 501 612 se,
514 554 591 619 etque
605 548 642 601 ite
654 548 739 602 elllicti
750 552 777 602 et
789 548 924 602 exanimati
934 548 1034 617 jacent:

244 624 289 693 qui
305 628 391 677 eutem
406 624 565 688 restiterunt,
581 622 716 678 discedunt
733 623 870 693 sepissime
886 624 1036 694 superiores.

245 700 312 754 Sunt
329 700 397 753 enim
415 699 528 770 quedem
546 700 621 754 enimi
642 698 819 754 similibrdines
837 718 895 755 oum
915 716 1036 770 corpore:

244 782 275 829 ut
291 792 369 829 onere
381 775 507 829 contentis
520 774 667 845 corporibus
679 774 777 829 facilius
788 774 913 840 feruutur,
926 775 1037 829 remissis

244 851 399 921 opprimunt,
427 851 551 905 simillime
574 852 674 905 enimus
699 850 841 906 intentione
864 869 911 905 sue
934 850 1037 921 depellit

246 945 361 996 pressum
380 943 480 981 omnem
501 926 648 997 ponderum,
669 926 815 982 remissione
836 932 921 982 eutem
942 927 978 982 sic
996 945 1037 980 ur·

245 1007 329 1072 getur,
341 1006 372 1056 nt
384 1021 412 1057 se
423 1006 533 1073 nequeat
544 1002 673 1057 extollere.
704 1002 747 1067 Et,
761 1002 783 1056 si
794 1021 882 1057 verum
894 1006 1036 1073 querimus,
1045 1016 1076 1061 55
1091 1060 1094 1067 ,

245 1078 272 1132 in
293 1078 410 1133 omnibus
433 1079 520 1134 officiis
541 1077 721 1149 persequendis
742 1078 818 1133 enimi
836 1084 876 1134 est
897 1079 1037 1134 adhibendo

246 1156 385 1209 contentio.
421 1155 461 1209 Ee
475 1159 515 1209 est
531 1154 585 1209 sole
598 1154 673 1209 officii
689 1159 816 1224 temquem
829 1154 951 1209 custodie
987 1156 1037 1209 Sed

245 1230 295 1285 hoc
306 1231 406 1301 quidem
420 1230 544 1286 indolere
558 1231 666 1286 maxime
678 1235 718 1285 est
730 1229 920 1301 providendum,
932 1249 964 1285 ne
976 1232 1037 1302 quid

245 1305 352 1375 abjecte,
371 1325 403 1362 ne
422 1306 483 1378 quid
500 1306 595 1371 timide,
613 1325 646 1362 ne
664 1306 725 1377 quid
742 1306 840 1377 igneve,
858 1324 891 1361 ue
909 1305 969 1376 quid
987 1326 1036 1362 ser·

245 1382 331 1436 viliter
348 1382 534 1437 muliebriterve
552 1383 688 1439 faciemus:
712 1384 739 1438 in
756 1383 893 1455 primisque
910 1383 1037 1438 refutetur

245 1475 276 1511 eo
299 1459 428 1526 rejiciatur
451 1459 631 1514 Philocteteus
655 1459 697 1514 ille
721 1459 822 1515 clamor.
868 1459 1036 1530 Ingemisoere

245 1552 426 1604 nonnunquam
441 1536 496 1589 viro
513 1553 660 1590 concessum
679 1544 727 1600 est,
743 1535 820 1607 idque
835 1553 907 1590 raro:
926 1536 1035 1606 ejulatus

245 1628 278 1664 ne
295 1610 394 1665 mulieri
410 1610 519 1682 quidem.
557 1612 592 1666 bt
607 1612 649 1666 bic
666 1612 784 1666 nimirum
802 1614 842 1666 est
858 1611 947 1675 lessus,
961 1630 1035 1680 quem

244 1684 378 1741 duodecim
390 1686 483 1741 tebnbe
494 1688 521 1741 in
533 1687 663 1742 funeribus
675 1686 788 1742 adbiberi
799 1691 943 1742 vetuerunt.
979 1688 1036 1743 Nec
1044 1704 1074 1750 56

245 1779 305 1815 vero
314 1780 434 1832 umquem
445 1780 478 1816 ne
489 1762 632 1833 ingemiscit
641 1762 743 1834 quidem
752 1763 791 1817 vir
800 1763 873 1818 fortis
886 1780 915 1817 ec
927 1764 1034 1833 sopiens,

244 1837 294 1891 nisi
312 1837 379 1892 forte
398 1842 426 1891 ut
445 1856 472 1892 se
490 1838 606 1893 intendet
626 1837 658 1892 cd
676 1838 835 1892 firmitatem:
857 1843 887 1892 ut
908 1839 934 1892 in
953 1838 1035 1893 stadio

244 1931 361 1967 cursores
382 1913 530 1980 exclament,
551 1932 625 1985 quem
646 1915 755 1968 maxime
778 1918 892 1983 possunt.
928 1913 1035 1968 Faciunt

245 1988 320 2056 idem,
339 2007 415 2058 quum
436 1994 594 2053 exercentur,
616 1989 732 2043 athlete:
756 1987 855 2058 pugiles
874 2006 940 2053 vero,
959 1990 1035 2043 etiem

245 2083 325 2135 quum
342 2064 437 2119 feriunt
455 2064 632 2131 adversarium,
646 2065 674 2118 in
689 2063 814 2135 jactandis
831 2064 948 2117 cestibus
966 2065 1033 2135 inge

245 2140 371 2205 miscunt;
393 2159 451 2205 non,
465 2140 533 2210 quod
550 2139 651 2194 doleant
669 2140 784 2193 animove
801 2138 973 2204 succumbent,
991 2141 1035 2194 sed

245 2218 306 2285 quia
317 2215 492 2285 profundenda
501 2234 562 2271 voce
570 2234 644 2270 omne
656 2232 748 2285 corpus
759 2214 907 2281 intenditur,
919 2216 1037 2287 venitque

244 2290 320 2361 plaga
330 2292 510 2347 vehementior.

280 2366 380 2421 XXIV.
401 2366 491 2425 Quidt
521 2367 565 2437 qui
587 2367 677 2423 volunt
700 2366 839 2422 exclamare
862 2367 951 2439 majus,
975 2386 1036 2421 num

244 2442 308 2496 setis
324 2442 419 2496 hebent
432 2442 520 2507 latere,
532 2445 627 2508 fauces,
640 2444 753 2514 lingnam
768 2442 906 2510 intendere,
918 2462 933 2498 e
945 2443 1036 2514 quibus

244 2518 303 2586 ejici
322 2535 410 2572 vocem
430 2523 457 2573 et
479 2519 552 2574 lundi
571 2518 707 2575 videmus?
743 2519 809 2573 Toto
832 2536 936 2589 corpore
960 2526 1036 2590 etque

244 2592 363 2647 omuibus
383 2594 493 2663 ungulis,
515 2602 546 2649 ut
566 2594 667 2659 dicitur,
689 2595 846 2651 contentioni
865 2594 934 2649 vocis
958 2613 1036 2648 esser·

243 2669 326 2723 vinnt.
363 2669 436 2723 Genu
453 2670 595 2725 mehercule
610 2672 649 2725 M.
664 2671 804 2725 Antonium
816 2668 874 2735 vidi,
887 2687 964 2739 quum
979 2683 1073 2733 con-57

244 2748 318 2799 tento
337 2762 382 2812 pro
403 2763 431 2799 se
454 2745 508 2814 ipse
527 2746 583 2816 lege
595 2746 674 2800 Veris
691 2746 797 2811 dicorsi,
811 2748 914 2799 terrum
925 2748 1052 2806 bow&

245 2822 283 2874 Ut
300 2818 365 2872 enim
385 2820 481 2877 bshsm
498 2820 660 2895 lepidumst
677 2824 783 2897 relique
796 2820 940 2877 cormeum
951 2812 1079 2863 rhesum

232 2911 264 2947 ⁶⁰
272 2894 405 2962 remotes
419 2898 577 2962 emissiones
590 2904 706 2978 hebent,
714 2921 774 2979 qno
783 2900 857 2961 emt
866 2884 1104 2951 mursense-nere
