2634 3367
293 349 324 396 28
427 343 937 393 TUSCULAN.DISPUTATIONUM

299 474 317 509 α
328 456 380 509 deo.
415 454 567 525 Sinynlorio
581 458 618 507 esi
633 457 711 525 e'qiinr
722 453 837 525 qondam
852 462 951 507 παίωνα
967 461 1039 523 otqne
1051 453 1091 505 nis

300 534 393 596 animi,
410 532 523 599 sejuncto
540 530 572 581 ob
589 530 630 583 iris
646 530 748 584 usitatis
765 530 882 599 notisque
897 530 1008 581 notnrm
1037 529 1090 593 Ito,

300 605 431 676 quidquid
446 614 481 659 eet
498 604 576 670 illnd,
588 605 655 675 qnod
670 607 753 672 sentit,
765 604 834 675 qnod
850 606 925 675 sapit
936 603 1006 673 quood
1019 606 1090 669 oioit,

301 682 371 752 qnod
381 684 454 752 oiqet,
465 683 558 735 ooeleoie
569 690 591 734 et
607 680 733 749 diuinum,
745 680 773 734 ob
785 697 889 739 eonium
900 697 953 733 reon
964 688 1091 733 eternum

301 758 335 811 sit
352 774 446 811 neoeooe
460 767 502 811 est.
538 758 591 809 Neo
608 774 664 811 oero
683 758 744 810 deuo
761 759 820 827 ipse,
837 758 885 827 qni
900 756 1058 825 inteiliqitno
1072 772 1091 807 α

301 832 380 899 nobis
391 834 444 885 aiio
460 831 533 886 modo
545 833 655 903 intelligi
668 840 756 902 potest,
771 832 826 885 nisi
842 848 913 884 niens
929 831 1010 885 soluto
1025 848 1092 900 quoe·

302 909 363 962 don
378 916 401 961 et
417 906 507 969 libero,
522 917 650 979 seqreqanr
667 906 699 960 ab
715 908 790 961 omni
805 909 959 961 concretione
976 908 1091 972 mortali,

302 986 439 1053 omniaque
458 984 569 1037 temnus
589 994 612 1038 et
631 1000 741 1048 monente,
763 985 869 1054 ipsoque
884 982 997 1052 prodito
1017 992 1091 1036 enotn

265 1061 478 1129 bisenpiternoi'
514 1060 599 1114 Hooe
613 1076 707 1129 genere
722 1055 799 1130 itque
815 1057 927 1113 eudemo
943 1061 1035 1112 nutura
1049 1062 1090 1137 est

302 1135 412 1189 humurm
423 1153 503 1190 meus.

338 1211 391 1265 Ubi
408 1211 495 1281 igitur,
513 1213 557 1265 aut
575 1210 656 1281 qualis
674 1213 714 1265 est
731 1210 781 1265 ists
798 1210 887 1265 mensi
911 1208 965 1264 Ubi
981 1212 1027 1262 tuo
1044 1210 1090 1262 eut

303 1287 403 1358 qualis?
424 1290 530 1356 potesne
542 1286 644 1341 dicero?
665 1304 705 1350 an,
719 1286 741 1341 si
756 1286 840 1340 omnis
851 1285 884 1339 ed
898 1282 1090 1355 intelligendum

303 1380 353 1417 nou
374 1362 461 1427 habeo,
483 1380 540 1432 qum
562 1361 654 1417 babere
675 1362 772 1427 vellem,
796 1379 828 1417 ue
851 1361 882 1415 iis
903 1359 1011 1431 quidem,
1033 1378 1090 1429 qum

303 1437 390 1501 habeo,
404 1437 466 1490 mihi
481 1440 565 1506 perte
576 1437 616 1490 uti
632 1436 737 1492 licebiti
761 1437 822 1492 Nou
837 1436 905 1492 vuiet
920 1439 1021 1491 tentum
1037 1436 1090 1489 ani-

303 1531 367 1576 mus,
385 1516 416 1566 ut
434 1530 490 1566 sese
507 1512 562 1582 ipse
578 1511 670 1566 videet.
706 1513 750 1577 At,
767 1515 798 1567 ut
815 1512 910 1577 oculus,
930 1511 1090 1572 monuimus,

303 1606 331 1643 se
350 1605 402 1642 non
423 1587 518 1654 videns,
539 1587 588 1641 ulie
608 1589 698 1641 ceruit.
734 1588 796 1642 Non
815 1587 884 1642 videt
907 1590 1000 1651 eutem,
1022 1586 1091 1656 quod

303 1665 432 1718 minimum
449 1666 497 1728 est,
510 1662 616 1716 formam
632 1681 711 1717 suem.
741 1663 876 1718 Fortasse!
895 1679 1045 1734 quemquam
1063 1662 1091 1715 id

303 1756 417 1810 quoque:
437 1737 482 1792 sed
498 1737 685 1808 relinquemus:
702 1739 754 1793 vim
766 1742 842 1804 oerte,
856 1739 1026 1809 sagacitatem,
1039 1755 1089 1791 me·

198 1810 200 1819 '
303 1814 415 1878 moriam,
433 1816 538 1878 motum,
557 1812 712 1868 eeleritatem
729 1814 807 1870 videt.
836 1814 901 1869 Haeo
920 1831 1019 1884 magne,
1036 1813 1091 1868 heo

304 1890 396 1954 divine,
409 1890 463 1945 hoeo
475 1888 628 1959 sempiterne
639 1891 707 1944 sunt.
744 1891 800 1956 Quo
811 1888 875 1944 iaoie
887 1889 988 1960 quidem
999 1890 1033 1943 sit
1045 1896 1091 1944 eut

304 1966 347 2021 ubi
359 1966 465 2031 habitet,
477 1983 510 2020 ne
522 1964 684 2036 querendum
696 1964 796 2036 quidem
808 1969 855 2021 est.

266 2052 297 2099 68
330 2042 470 2097 -XXVHL
487 2042 535 2106 Ut,
553 2060 632 2112 quum
649 2040 763 2096 videmus
781 2041 889 2111 speeiem
907 2041 1015 2111 primum
1032 2057 1091 2095 oon·

304 2117 440 2187 dotemque
451 2118 521 2173 oeli:
539 2117 629 2172 deinde
641 2116 810 2172 eousersiouis
819 2116 972 2172 celeritatem
984 2121 1091 2182 tentem,

304 2197 425 2263 quantem
444 2194 557 2263 negitare
579 2212 632 2247 uon
654 2210 804 2263 possumus;
829 2196 884 2247 tum
904 2193 1091 2249 vicissitudines

304 2268 402 2322 dierum
426 2272 502 2337 utque
526 2270 647 2333 noctium,
669 2269 928 2338 eommutetionesquo
948 2273 1092 2339 temporum

304 2343 507 2414 quadripertitos,
526 2346 558 2397 sd
575 2345 748 2399 maturitatem
763 2344 866 2415 frugum
878 2348 904 2399 et
921 2344 954 2399 ed
969 2349 1092 2415 temperu-

305 2420 399 2474 tionem
423 2436 556 2488 eorporum
580 2424 659 2489 aptas,
684 2438 820 2491 eorumque
843 2421 956 2475 omnium
978 2421 1093 2476 modero-

305 2500 386 2547 torem
402 2497 429 2547 et
446 2492 535 2547 ducem
553 2495 646 2560 solem;
664 2494 799 2567 lunamque
814 2497 955 2551 secretione
971 2499 997 2551 et
1014 2496 1093 2552 demi-

304 2571 409 2623 nutione
425 2569 533 2634 luminis,
546 2570 619 2639 quusi
634 2570 758 2626 fastorum
774 2572 849 2637 notis,
866 2573 1008 2643 signantem
1020 2572 1093 2639 dies;

305 2650 361 2699 tum
378 2645 405 2699 in
422 2643 510 2698 eodem
527 2646 596 2713 orbe,
613 2646 640 2699 in
657 2662 700 2700 ΧΗ
716 2652 801 2718 partes
819 2647 963 2712 distributo,
980 2648 1092 2718 quinque

306 2721 391 2775 stelles
410 2720 478 2786 ferri,
498 2721 600 2777 eosdem
620 2739 709 2776 cursus
730 2724 932 2779 oonstsutissime
953 2729 1091 2790 servantes,

292 2796 444 2860 rb'sparr'bus
453 2796 525 2852 iuter
534 2816 563 2854 se
579 2797 699 2868 motibus,
710 2804 909 2869 nocturnamque
920 2799 975 2852 omli
986 2798 1093 2853 formam

275 2866 397 2937 mm'qoo
417 2871 553 2934 sideribus
575 2879 717 2947 ornatum
736 2880 798 2935 tum
817 2874 924 2949 gibbum
939 2877 1018 2926 teme
1036 2874 1096 2925 emi·
