2634 3367
474 332 542 381 LIB.
556 332 608 380 111.
625 333 699 379 CAP.
714 336 750 389 16,
765 338 799 383 17.
999 337 1029 385 tt

236 438 367 509 ginquitns
385 441 411 493 et
432 438 493 492 dies.
530 437 613 492 Jubes
634 455 675 491 me
696 436 762 491 bono
779 437 899 507 cogitare,
917 438 1030 495 oblivisci

236 514 368 567 malorum.
393 514 498 568 Diceres
511 513 612 584 aliquid,
626 516 652 567 et
666 530 757 583 magno
769 513 870 584 quidem
882 514 1030 590 philosopho

236 590 350 659 dignum,
369 588 391 643 si
409 607 439 644 ea
455 589 522 644 bone
542 588 650 643 sentires
668 606 732 655 esse,
750 606 806 660 quse
823 594 908 647 essent
929 589 1029 648 homine

236 664 261 718 di
282 664 395 718 nissime.

263 684 362 797 lllVII.
382 739 539 809 Pythagoras
556 739 617 793 mihi
635 739 657 793 si
675 738 769 794 diceret
787 741 831 795 sut
849 739 966 797 Socrate
984 746 1068 799 anteo

235 814 312 869 Plato
324 833 329 869 :
355 814 422 879 Quid
432 815 522 884 jaces?
543 819 588 869 out
600 813 662 885 quid
674 814 781 869 meres?
802 818 847 869 eut
859 832 904 872 our
915 834 1029 874 succum-

238 890 276 944 bis
290 890 407 960 cedisque
419 891 547 945 fortune?
567 909 623 961 quae
635 888 771 960 pervellere
783 893 809 945 te
821 890 928 948 forsitan
940 896 1029 963 potue·

235 967 272 1019 rit
285 971 311 1019 et
324 983 453 1036 pungere:
471 984 523 1020 non
532 966 616 1036 potuit
629 969 698 1020 certe
706 965 773 1020 vires
785 964 909 1037 frangere.
932 967 1029 1039 Magno

235 1041 275 1097 vis
296 1045 336 1095 est
359 1042 562 1096 invirtutibus:
586 1059 629 1095 eas
650 1040 741 1107 excita,
761 1040 784 1095 si
804 1041 870 1097 forte
892 1040 1028 1099 dormiunt.

235 1119 257 1171 J
258 1135 298 1170 um
310 1117 358 1171 tibi
370 1116 450 1170 ederit
463 1117 578 1187 princeps
594 1114 738 1183 Fortitudo,
751 1133 809 1185 quse
820 1119 848 1170 te
859 1115 944 1172 enimc
956 1122 1028 1174 tanto

235 1210 293 1247 osse
306 1196 388 1262 coget,
400 1196 430 1245 ut
448 1192 539 1256 omnia,
553 1210 608 1262 quse
625 1190 723 1261 possint
739 1190 834 1245 homini
850 1192 957 1257 evenire,
970 1210 1029 1248 con-

235 1270 338 1321 temnas
351 1272 377 1321 et
393 1286 439 1338 pro
455 1268 533 1322 nihilo
551 1271 634 1339 putes.
671 1265 761 1321 Aderit
777 1266 959 1337 Tempertsutie,
973 1287 1029 1339 quo

236 1347 278 1395 est
291 1341 377 1396 eadem
396 1342 553 1407 moderatim
571 1361 586 1397 a
603 1360 641 1397 me
654 1341 754 1412 quidem
767 1341 851 1412 psullo
869 1344 928 1398 onte
945 1344 1029 1414 appel·

235 1417 290 1470 late
300 1417 450 1487 frugalitas3
470 1436 527 1489 quoe
542 1421 569 1472 te
581 1418 691 1487 turpiter
702 1421 729 1471 et
745 1417 861 1487 nequiter
873 1417 955 1474 iecere
967 1418 1029 1473 nihil

236 1492 358 1561 patietur.
394 1492 464 1551 Quid
482 1497 522 1547 est
539 1497 623 1547 sutem
642 1492 750 1562 nequius
762 1496 807 1547 eut
823 1493 923 1566 turpius
935 1494 1029 1558 effemi-

236 1574 299 1622 noto
312 1568 384 1623 viret
405 1569 448 1623 Ne
459 1570 496 1623 Ju
508 1569 567 1623 titia
578 1568 679 1639 quidem
691 1568 757 1623 sinet
769 1572 796 1624 te
807 1568 858 1623 ists
869 1570 966 1625 fecere:
987 1570 1029 1625 cui

235 1644 367 1699 minimum
385 1664 440 1699 esse
457 1645 558 1701 videtur
579 1645 606 1699 in
625 1645 673 1699 hec
690 1662 766 1700 ceusu
785 1645 848 1711 loci;
870 1664 926 1717 que
943 1650 1029 1701 tamen

235 1720 274 1773 ita
295 1719 370 1784 dicet,
384 1720 518 1790 dupliciter
530 1738 585 1775 esse
601 1725 628 1774 te
643 1720 774 1790 injustum,
786 1739 864 1791 quum
876 1725 902 1776 et
920 1721 1028 1776 alienum

235 1799 350 1864 oppetas,
372 1796 415 1865 qui
435 1796 550 1851 mortalis
569 1800 645 1850 natus
666 1796 835 1851 conditionem
852 1796 965 1865 postules
982 1796 1028 1850 im·

235 1871 389 1936 mortalium,
408 1875 435 1925 et
456 1873 567 1941 graviter
587 1873 653 1926 leros
674 1876 709 1936 te,
729 1870 797 1941 quod
817 1870 939 1926 utendum
960 1889 1030 1926 ecce·

234 1946 312 2015 peris,
338 1946 485 2001 reddidisse.
522 1946 667 2002 Prudentius
690 1964 750 2001 vero
772 1944 833 2014 quid
857 1946 1026 2015 respondebis,
1037 1958 1067 2007 st

235 2021 345 2085 docenti,
365 2021 487 2076 virtutem
507 2040 563 2077 sese
585 2040 640 2077 esse
660 2024 813 2084 contentam,
835 2037 885 2090 quo
901 2019 976 2074 modo
997 2020 1029 2074 ad

236 2095 304 2150 bene
317 2097 459 2161 vivendum,
478 2097 515 2151 sic
534 2098 610 2151 ctiam
628 2096 660 2150 sd
677 2095 770 2151 bestel
791 2096 857 2154 Quoe
873 2093 894 2148 si
906 2094 1029 2149 extrinse-

236 2187 284 2224 cus
301 2170 409 2241 religato
425 2172 541 2242 pendent,
554 2178 581 2226 et
598 2190 649 2226 non
666 2175 692 2226 et
710 2170 833 2225 oriatura
848 2187 882 2233 se,
896 2173 923 2223 et
940 2188 1028 2224 rursus

235 2245 270 2300 nd
287 2264 315 2300 se
332 2251 483 2315 revertatur,
500 2252 526 2302 et
544 2248 628 2302 omnis
644 2265 691 2302 sua
708 2245 837 2317 complexo
854 2245 917 2300 nihil
932 2249 1028 2315 quaerst

235 2321 354 2375 aliunde:
373 2340 424 2376 non
441 2322 564 2393 intelligo,
581 2340 627 2377 cur
638 2328 683 2376 eut
699 2320 782 2377 verbis
798 2324 851 2377 tom
867 2320 1029 2376 vehementer

235 2396 356 2461 ornanda,
376 2402 421 2451 aut
438 2416 466 2453 re
487 2403 559 2453 tento
576 2416 652 2467 opere
670 2397 811 2466 expetendo
827 2395 951 2452 videntur.
986 2395 1029 2451 Ad

234 2471 290 2527 hrec
302 2472 368 2527 bone
380 2491 420 2527 me
432 2474 455 2527 si
471 2491 582 2538 revocus,
594 2472 713 2543 Epicure,
725 2490 807 2542 porco,
820 2490 918 2544 sequor,
930 2476 990 2545 utor
1001 2476 1028 2527 ts

234 2546 293 2617 ipso
311 2547 384 2615 duce,
402 2548 537 2603 obliviscor
554 2549 630 2604 etium
651 2548 781 2614 mulorum,
799 2549 829 2602 ut
845 2547 930 2617 jubes,
948 2563 1029 2616 ecque

234 2623 343 2691 facilius,
362 2623 431 2695 quod
448 2643 478 2680 ea
494 2643 526 2679 ne
544 2625 572 2679 in
588 2624 660 2679 mulis
679 2624 781 2696 quidem
797 2623 913 2693 ponende
930 2638 1027 2679 censeo.

235 2698 288 2753 Sed
307 2699 420 2754 traducis
436 2701 604 2771 cogitationes
620 2718 690 2755 mess
707 2700 739 2755 sd
750 2697 901 2768 voluptates.
936 2696 1027 2754 Qusst

235 2774 363 2844 Corporis,
384 2775 466 2841 credo,
486 2779 531 2831 out
552 2794 609 2847 quae
627 2780 731 2848 propter
749 2790 846 2843 corpus
858 2772 908 2827 neh
917 2768 1041 2822 rennuun-

236 2849 306 2903 tione
319 2850 357 2904 rel
366 2868 414 2920 spe
425 2852 583 2925 cogitentur.
612 2851 759 2928 Numquid
768 2846 918 2907 estolsuu‘s
939 2843 1069 2893 usonem

637 2955 666 2997 E
