2634 3367
267 350 313 396 104
404 342 918 395 TUSCULAN.DISPUTATIONUM

266 458 348 518 erunt,
358 453 512 508 Macedones
524 471 584 523 rege
596 454 674 507 Perse
687 456 775 523 capto:
794 450 846 506 vidi
858 451 935 505 etiam
946 451 975 506 in
987 452 1060 508 Pelo-

266 547 385 599 ponneso,
397 546 474 598 quum
493 546 576 583 essem
593 528 745 592 adolescens,
762 526 884 597 quosdam
903 527 1059 583 Corinthios.

267 604 304 659 Hi
316 610 432 675 poteraut
443 620 530 657 omues
542 604 629 658 eadem
640 602 683 657 illa
694 604 725 658 de
735 602 911 658 Andromacha
921 602 1059 674 deplorare,

444 687 506 736 Haec
517 686 599 737 omnia
608 688 659 737 vidi
667 715 705 736 -.

269 762 319 818 Sed
326 767 381 833 jam
396 762 591 819 decantaverant
603 765 718 817 tortasse.
754 764 793 816 Eo
809 762 876 817 cnim
892 765 966 817 eraut
979 762 1061 831 vultu,

268 838 388 903 oratione,
407 838 476 892 omni
495 838 593 909 reliquo
612 843 685 892 motu
702 842 728 892 et
747 841 825 903 statu,
843 842 871 891 et
888 855 933 892 cos
951 839 1062 909 Argivos

269 918 313 969 aut
326 913 456 985 Sicyonios
468 912 579 968 diceres:
598 914 728 984 magisque
745 932 786 967 me
801 916 931 967 moverant
944 914 1063 969 Corinthi

269 988 353 1044 subito
369 992 478 1059 aspectae
495 988 632 1059 parietinae,
645 1007 719 1059 quam
736 988 804 1059 ipsos
820 988 982 1043 Corinthios:
1003 1005 1063 1060 quo·

270 1084 326 1119 rum
350 1064 438 1120 animis
462 1065 583 1119 diuturna
603 1064 724 1133 cogitatio
748 1064 839 1118 callum
859 1064 998 1119 vetustatis
1019 1064 1064 1119 ob·

231 1142 385 1197 adduxerat.
420 1141 543 1213 Legimus
559 1140 649 1195 librum
664 1139 821 1203 Clitomachi,
834 1158 908 1210 quem
921 1139 963 1194 ille
976 1157 1064 1195 eversa

272 1218 430 1289 Karthagine
454 1217 524 1272 misit
547 1215 691 1272 consolandi
712 1233 788 1270 causa
808 1214 840 1269 ad
860 1216 974 1285 captivos
996 1216 1064 1271 cives

271 1313 340 1350 suos.
376 1294 410 1349 In
420 1312 451 1348 eo
464 1297 504 1349 est
516 1292 654 1363 disputatio
668 1291 763 1361 scripta
775 1290 923 1345 Carneadis:
942 1310 1019 1360 quam
1037 1307 1064 1346 se

272 1371 308 1424 ait
319 1371 347 1424 in
357 1368 564 1424 commentarium
572 1367 697 1422 retulisse.
723 1366 805 1431 Quum
819 1367 856 1420 ita
864 1366 977 1437 positum
986 1370 1063 1433 esset,

272 1445 351 1499 videri
362 1444 417 1499 fore
432 1444 459 1497 iu
475 1442 626 1513 aegritudine
641 1442 787 1511 sapientem,
800 1442 882 1511 patria
899 1446 988 1511 capta:
1008 1461 1065 1514 quae

273 1518 412 1574 Gameades
432 1522 521 1573 eontra
541 1517 641 1580 dixerit,
663 1517 757 1587 scripta
777 1521 845 1571 suut.
882 1517 964 1572 Tanta
985 1519 1066 1589 igitur

272 1593 421 1649 calamitatis
436 1593 569 1661 praesentis
587 1591 721 1646 adhibetur
737 1610 753 1645 a
768 1591 915 1662 philosopho
932 1592 1064 1659 medicina,

272 1672 367 1740 quanta
387 1668 414 1722 in
434 1668 574 1723 inveterata
591 1686 623 1722 ne
644 1667 802 1722 desideratur
820 1667 929 1738 quidem.
966 1669 1022 1723 Nec
1043 1669 1066 1723 si

273 1745 368 1815 aliquot
385 1745 457 1798 annis
475 1746 533 1812 post
544 1742 611 1798 idem
626 1743 670 1799 ille
686 1743 749 1798 liber
761 1744 867 1813 captivis
883 1743 976 1797 missus
989 1748 1066 1812 esset,

273 1820 418 1876 vulneribus
440 1819 590 1884 mederetur,
609 1818 655 1873 sed
675 1818 841 1873 cicatricibus.
878 1819 977 1873 Sensim
998 1820 1066 1874 enim

272 1902 299 1953 et
316 1896 471 1969 pedetentim
489 1894 652 1966 progrediens
671 1899 824 1949 extenuatur
839 1894 925 1948 dolor:
947 1912 999 1948 non
1016 1913 1066 1965 quo

273 1976 328 2046 ipsa
343 1992 384 2029 res
400 1971 529 2028 immutari
545 1972 625 2027 soleat
640 1975 686 2025 aut
702 1971 798 2041 possit:
817 1969 861 2024 sed
874 1970 907 2035 id,
921 1970 988 2040 quod
1002 1972 1067 2025 ratio

273 2049 401 2115 debuerat,
423 2066 485 2104 usus
506 2046 588 2117 docet,
607 2047 705 2102 minora
724 2063 780 2100 esse
801 2063 838 2111 ea,
858 2063 915 2114 qnae
940 2046 991 2099 sint
1013 2047 1068 2100 visa

273 2143 376 2195 majora.

234 2211 266 2257 ⁶5
307 2201 412 2255 XXIII.
431 2199 498 2265 Quid
510 2216 571 2269 ergo
582 2215 647 2267 opus
662 2199 709 2265 est,
721 2196 789 2251 dicet
801 2195 898 2266 aliquis,
911 2195 1009 2250 ratione
1022 2200 1068 2252 aut

274 2275 376 2329 omniuo
392 2274 563 2329 consolatione
579 2274 693 2344 illaque
708 2272 817 2327 solemus
829 2271 875 2335 uti,
889 2288 966 2340 quum
983 2271 1068 2326 levare

274 2348 384 2403 dolorem
396 2348 554 2402 merentium
567 2347 703 2402 volumus?
740 2348 798 2401 Hoc
809 2346 875 2400 euim
887 2346 940 2399 fere
953 2350 1009 2399 tum
1024 2347 1068 2400 ha·

274 2423 362 2478 murus
385 2424 413 2477 in
432 2426 559 2491 promptu,
580 2422 643 2475 nihil
663 2425 779 2491 oportere
800 2421 956 2492 inopinatum
978 2421 1068 2476 videri.

273 2500 328 2552 Aut
340 2498 385 2567 qul
396 2496 551 2552 tolerabilius
563 2497 628 2550 feret
644 2496 839 2561 incommodum,
851 2497 896 2568 qui
912 2498 1068 2565 eognoverit,

274 2589 376 2629 neeesse
392 2590 447 2627 esse
463 2572 558 2626 homini
576 2571 625 2625 talc
643 2571 737 2641 aliquid
753 2571 885 2626 accidere?
921 2572 986 2626 Haec
1002 2575 1068 2627 enim

274 2650 355 2705 oratio
368 2648 399 2703 de
410 2648 466 2720 ipsa
477 2666 575 2701 summa
587 2647 645 2701 mali
660 2646 724 2700 nihil
736 2646 863 2701 detrahit:
881 2650 980 2700 tantum
994 2648 1069 2703 modo

275 2726 355 2795 affert,
367 2724 430 2780 nihil
441 2724 562 2787 evenisse,
576 2722 643 2792 quod
655 2740 707 2776 nou
718 2722 871 2791 opinandum
884 2722 983 2776 suisset.
1017 2724 1068 2778 Ne·

269 2820 321 2873 que
337 2806 423 2857 tamen
438 2817 522 2874 mnus
539 2799 565 2853 id
577 2798 699 2853 orationis
717 2797 745 2851 in
759 2797 910 2851 consolando
923 2815 974 2851 non
986 2800 1068 2853 valet:

251 2878 305 2932 sed
311 2879 346 2936 r‘d
354 2880 430 2938 band
441 2879 525 2938 sciam
538 2898 574 2936 an
591 2876 741 2953 plurimum.
771 2873 848 2940 nego
856 2872 969 2923 'astense
977 2874 1068 2935 opsnatu

176 3081 229 3099 μ
