2634 3367
477 328 544 377 nra.
558 328 603 376 rv.
622 327 697 375 car.
711 329 748 385 12,
761 329 805 389 ra,
987 328 1032 375 129

236 446 340 499 semper
357 432 501 499 anguntur:
520 433 550 483 nt
569 429 635 483 inter
651 428 799 483 ebrietatem
817 430 844 481 ει
860 426 1031 482 ebriositatem

235 506 360 559 interest:
380 503 498 574 aliudque
515 508 555 558 cst
573 510 709 558 amatorem
729 521 791 568 esse,
811 502 879 557 aliud
897 509 1030 559 amantem.

235 582 323 649 Atque
348 579 401 634 hec
422 579 526 633 aliorum
552 579 583 633 ad
604 580 666 633 alios
689 579 790 633 morbos
813 577 958 649 proclivitas
978 579 1030 633 late

234 660 330 725 patet,
357 655 425 709 Nam
449 656 560 724 pertinet
584 655 615 709 ad
639 673 727 709 omnes
751 654 961 724 perturbationes.
998 656 1067 708 In28

235 730 324 784 multis
342 730 419 784 etiam
431 730 500 784 vitiis
518 735 639 800 apparet:
657 730 702 784 sed
718 748 810 784 nomen
821 747 861 783 res
877 748 928 783 non
945 729 1029 786 habet.

234 807 307 876 Ergo
324 811 351 860 et
368 805 446 860 invidi
465 809 491 859 et
508 806 622 860 malevoli
640 813 668 860 ει
686 806 755 860 lividi
773 812 800 859 et
812 805 895 859 timidi
912 811 938 862 et
956 805 1030 861 mise-

235 874 356 937 ricordes,
368 876 428 944 quia
440 874 562 943 proclives
578 875 610 928 ad
622 893 665 928 eas
684 872 894 945 perturbationes,
907 892 959 932 non
972 876 1031 945 qnia

235 968 337 1020 semper
346 950 472 1005 teruntur.
496 950 561 1006 Haec
573 951 653 1021 igitur
665 950 808 1019 proclivitas
821 949 852 1003 ad
864 968 938 1004 suum
951 950 1030 1021 quod·
1064 1015 1065 1019 Ἰ

235 1044 285 1097 qne
308 1044 389 1096 genus
410 1044 425 1079 a
446 1026 610 1080 similitudine
634 1026 745 1095 corporis
770 1026 901 1096 [egrotatio
923 1025 1028 1091 dicatur,

235 1103 297 1155 dnm
318 1119 348 1155 ea
370 1101 526 1170 intelligatur
545 1102 577 1155 ad
598 1101 771 1171 aegrotandnm
792 1101 942 1170 proclivitas.
979 1102 1030 1157 Sed

233 1176 289 1231 haeo
301 1175 329 1230 in
341 1175 414 1230 bonis
426 1177 509 1241 rebus,
522 1176 589 1247 quod
601 1178 643 1233 alii
655 1176 688 1232 ad
700 1177 748 1231 alie
759 1176 825 1230 bona
837 1181 897 1230 sunt
910 1177 1027 1246 aptiores,

223 1254 349 1319 facilitas
369 1253 520 1321 nominetur,
541 1254 568 1307 in
588 1254 660 1307 malis
681 1256 884 1323 praelinirent
905 1253 1028 1323 significet

235 1328 391 1397 lapsionem:
410 1328 438 1382 in
449 1330 546 1383 neutris
559 1328 650 1383 babeat
663 1328 779 1399 superius
791 1345 889 1382 nomen.

270 1403 350 1457 XIII.
370 1405 427 1470 Quo
446 1404 520 1459 modo
538 1410 623 1459 autem
641 1404 790 1475 incorpore
808 1408 847 1458 est
865 1403 975 1470 morbus,
989 1410 1028 1459 εει

234 1480 377 1549 aegrotatio,
389 1485 429 1533 est
443 1482 546 1546 vitium3
566 1482 602 1535 sic
614 1482 640 1534 in
652 1480 744 1534 animo.
777 1481 889 1534 Morbum
902 1480 1028 1551 appellant

234 1555 316 1609 totius
342 1555 454 1624 corporis
478 1557 680 1626 corruptionem:
710 1559 889 1623 aegrotationem
913 1555 1026 1611 morbum
1035 1571 1065 1616 29

235 1647 294 1686 cum
313 1629 500 1685 imbecillitate:
521 1635 615 1698 citium,
634 1651 711 1702 quum
730 1636 815 1702 partes
833 1633 943 1703 corporis
962 1633 1027 1688 inter

233 1722 262 1759 ae
284 1704 425 1761 dissident:
449 1725 480 1762 ex
501 1726 552 1777 quo
573 1708 684 1778 pravitas
704 1707 881 1773 membrorum,
902 1708 1026 1773 distortio,

233 1779 389 1836 deformitas.
425 1783 516 1852 Itaque
533 1782 576 1838 illa
593 1782 651 1848 dno,
671 1782 773 1837 morbus
791 1787 817 1837 ct
836 1784 976 1854 egrotatio,
996 1803 1028 1839 ex

232 1857 315 1911 totins
335 1857 487 1913 valetudinis
511 1860 622 1927 corporis
647 1859 855 1928 conquassatione
878 1864 905 1913 ct
929 1863 1028 1927 pertur-

232 1932 336 1986 batione
356 1932 512 2003 gignuntur:
537 1935 627 1989 vitium
645 1941 738 1999 autern,
758 1934 858 2003 integre
876 1935 1027 1996 valetudine,

232 2006 316 2076 ipsum
329 2025 401 2064 exse
414 2009 533 2063 cernitur.
571 2009 622 2063 Sed
633 2010 660 2063 in
672 2009 755 2063 auimo
771 2008 947 2063 tantummodo
960 2011 1028 2080 cogi-

231 2082 329 2137 tatione
349 2101 484 2153 possnmus
505 2084 622 2140 morbum
642 2084 674 2139 ab
695 2084 861 2155 egrotaticne
884 2088 1026 2155 sejungere.

231 2156 367 2212 Vitiositas
385 2164 470 2214 autem
488 2165 528 2214 εει
549 2160 650 2215 habitus
672 2163 716 2213 aut
735 2159 834 2213 effectio
854 2160 882 2213 in
899 2164 955 2214 tota
973 2162 1025 2216 vita

231 2234 378 2289 inconstans
390 2240 417 2290 ει
429 2254 444 2289 a
455 2254 483 2289 se
495 2237 550 2306 ipsa
562 2236 722 2290 dissentiens,
761 2237 802 2289 Ita
814 2236 850 2303 lit,
862 2241 892 2291 nt
904 2237 932 2291 in
946 2237 1026 2293 altera

231 2311 393 2380 corruptione
411 2312 557 2381 opinionum
575 2312 678 2366 morbus
698 2311 820 2366 efficiatur
837 2316 864 2367 et
882 2316 1023 2384 egrotatio,

231 2386 259 2439 in
271 2385 351 2440 altera
366 2386 537 2443 inconstantia
548 2392 574 2441 et
587 2388 762 2458 repugnantia.
800 2388 860 2444 Non
873 2391 939 2446 enim
951 2410 1025 2445 cuine

231 2462 322 2516 vitium
344 2468 428 2532 partes
450 2462 526 2517 habet
546 2462 732 2529 dissentientes,
751 2467 780 2518 ut
799 2483 894 2531 eorum,
913 2466 1026 2537 quinon

232 2536 309 2608 longe
327 2555 343 2591 a
360 2538 484 2608 sapientia
501 2538 601 2603 absunt,
620 2540 720 2593 affectio
738 2544 778 2594 est
795 2540 838 2595 illa
856 2542 957 2612 quidem
975 2543 1025 2597 dis-

231 2630 337 2682 crepans
355 2613 482 2683 sibiipsa,
501 2614 560 2670 dnm
580 2618 620 2669 est
637 2615 767 2685 insipiens,
786 2616 831 2670 sed
849 2635 899 2671 non
918 2617 1026 2672 distorta

230 2706 278 2743 nce
295 2706 381 2758 prava.
416 2688 503 2743 Morbi
521 2693 604 2744 antem
622 2694 648 2744 et
667 2691 844 2761 egrotationes
863 2696 948 2762 partes
965 2703 1025 2746 sunt

231 2764 395 2819 vitiositatis:
414 2766 459 2820 sed
478 2765 680 2835 perturbationes
698 2768 782 2820 sintne
799 2766 916 2838 eiusdem
932 2771 1034 2835 partes,

232 2840 341 2909 questio
362 2843 408 2895 est
451 2840 526 2896 Vitia.
538 2841 608 2900 enim
632 2843 788 2903 affectiones
812 2846 880 2899 snut
900 2844 1100 2897 mansuescas

626 2944 650 2985 K
