2634 3367
276 343 321 389 108
415 340 611 389 TUSCULAN.
628 339 925 388 DISPUTATIONUM

235 457 267 505 ot
277 453 409 506 levaretur.
446 449 496 504 Sed
512 450 566 503 hec
583 451 668 504 omnia
685 451 788 516 faciunt,
807 450 940 521 opinantes
958 450 997 504 its
1012 447 1063 503 ficri

276 532 402 597 oportere.
440 526 531 595 ltaque
547 528 573 579 et
589 526 722 581 AEschines
740 527 767 580 in
781 527 982 581 Demosthenem
999 525 1063 580 inve

275 603 353 669 hitur‚
371 601 439 671 qnod
458 601 481 655 is
501 600 609 670 septimo
628 602 670 656 die
691 606 749 672 post
767 603 824 658 lilim
842 606 951 657 mortem
970 600 1064 655 hostias

276 677 466 733 immolavisset.
514 678 550 731 At
574 695 649 747 quam
673 676 815 735 rhetorice!
846 696 923 747 quam
947 675 1063 746 copiose!

278 770 340 823 quas
364 751 503 807 sententias
523 751 635 823 colligit!
668 772 724 824 qum
745 753 822 809 verba
841 752 1010 823 contorquet!
1038 753 1066 805 ut

277 829 353 884 licere
368 828 467 899 quidvis
485 827 580 883 rhetori
596 828 730 900 intelligas.
768 831 830 895 Qnoe
847 846 922 884 nemo
940 827 1066 898 probaret

279 905 329 960 uisi
346 904 451 959 insitum
471 903 533 958 illud
554 904 581 958 in
601 904 691 959 animis
708 905 865 973 haberemus,
882 922 972 959 omnes
990 902 1068 958 bonos

278 981 384 1036 interitu
396 997 499 1034 suorum
512 997 586 1049 quam
599 980 747 1047 gravissime
755 999 857 1036 merere
869 983 996 1047 oportere.
1029 977 1069 1033 Ex

279 1056 427 1119 hocevenit,
438 1054 504 1109 utin
516 1054 591 1109 animi
600 1054 729 1110 doloribus
741 1056 784 1111 alii
795 1055 945 1111 solitudines
957 1055 1069 1124 captent,

279 1136 310 1187 ut
321 1132 357 1186 ait
371 1133 499 1186 Homerus
511 1129 543 1184 de
556 1129 760 1201 Bellerophonte,

344 1217 386 1279 qui
398 1216 469 1263 miser
479 1216 504 1262 in
516 1215 608 1277 campis
619 1231 721 1263 maerens
731 1216 824 1264 errabat
835 1214 910 1271 Aleis,

344 1288 396 1349 ipse
407 1301 478 1333 suum
490 1300 530 1332 cor
541 1286 620 1343 edens,
632 1287 758 1334 hominum
770 1286 871 1348 vestigia
881 1285 974 1332 vitans:

280 1367 307 1417 et
324 1362 410 1417 Nioba
426 1362 531 1432 fingitur
548 1361 655 1431 lapidea,
675 1367 778 1433 propter
795 1365 925 1425 ueternum,
942 1359 1028 1425 credo,
1046 1359 1071 1415 in

280 1437 351 1492 luctu
364 1436 499 1491 silentium.
532 1436 665 1491 Hecubam
678 1443 761 1492 autem
774 1441 865 1509 putant
877 1439 983 1506 propter
994 1435 1071 1490 animi

282 1511 444 1567 acerbitatem
462 1509 594 1580 quamdam
615 1517 642 1565 et
663 1512 758 1568 rabiem
778 1513 840 1584 fingi
859 1514 887 1568 in
906 1529 996 1566 canem
1016 1529 1071 1567 esse

282 1604 434 1641 conversam.
470 1586 535 1639 Sunt
557 1590 642 1640 autem
663 1587 712 1654 alii,
725 1607 788 1660 quos
805 1590 833 1643 in
850 1587 921 1642 luctu
939 1604 999 1641 cum
1017 1588 1072 1657 ipsa

283 1661 418 1716 solitudine
437 1660 507 1731 loqui
527 1679 594 1731 saepe
614 1661 731 1732 delectat,
752 1669 782 1719 ut
805 1665 848 1719 illa
872 1663 939 1735 apud
960 1662 1072 1718 Ennium

282 1737 386 1792 nutrix:

346 1813 440 1876 Cupido
452 1815 514 1877 cepit
525 1816 637 1863 miseram
648 1832 713 1863 nunc
724 1833 771 1873 me,
784 1818 892 1880 proloqui

345 1886 405 1934 calo
416 1890 486 1947 itque
497 1894 565 1932 terrae
578 1886 674 1933 Medeai
686 1888 802 1935 miserias.

243 1962 275 2010 64
317 1961 432 2015 XXVII.
456 1963 520 2016 Hccc
544 1962 628 2015 omnia
651 1969 728 2027 recta,
748 1981 814 2027 vera,
834 1961 919 2016 debita
942 1962 1071 2029 putantes,

283 2038 379 2092 faciunt
391 2038 418 2092 in
430 2037 529 2093 dolore:
549 2038 706 2108 maximeque
718 2038 836 2103 declaret,
849 2038 897 2091 hoc
909 2035 981 2107 quasi
998 2035 1073 2090 officii

279 2113 377 2182 judicio
388 2113 450 2167 fieri.
486 2112 564 2172 Quod
576 2114 598 2167 si
610 2114 654 2182 qui
666 2114 739 2181 forte,
751 2132 830 2185 quum
846 2131 873 2167 se
889 2113 916 2167 in
932 2109 1004 2165 luctu
1017 2128 1073 2165 esse

283 2188 384 2253 vellent,
398 2188 491 2258 aliquid
503 2188 618 2243 iecerunt
631 2190 772 2258 humanius,
785 2193 830 2244 ant
842 2191 865 2243 si
876 2186 981 2242 hilarius
993 2186 1074 2241 locuti

284 2268 352 2326 sunt,
373 2269 491 2318 revocant
509 2281 536 2318 se
554 2282 642 2319 rursus
660 2266 691 2319 sd
710 2266 861 2330 maestitiam,
880 2262 1027 2333 peccatique
1046 2281 1074 2317 ss

284 2338 437 2403 insimulant,
462 2337 530 2408 qnod
553 2338 638 2395 dole‘re
662 2342 850 2398 intermiserint.
892 2341 988 2393 Pueros
1013 2356 1074 2392 vero

284 2416 378 2466 matres
399 2417 425 2467 et
442 2413 557 2483 magistri
578 2416 703 2486 castigare
721 2420 796 2473 etiam
817 2417 906 2478 solent,
925 2430 972 2467 nec
989 2413 1074 2468 verbis

285 2487 374 2554 solum,
386 2487 431 2542 sed
442 2488 518 2542 etiam
531 2489 683 2556 verberibus,
697 2494 718 2547 si
731 2494 792 2564 quid
805 2493 833 2548 in
844 2489 982 2546 domestico
1001 2488 1073 2543 luctu

286 2563 388 2618 hilurius
404 2563 435 2616 ab
447 2564 477 2617 iis
494 2563 589 2618 iactum
605 2571 644 2620 est
661 2575 706 2622 aut
723 2569 834 2623 dictum:
853 2565 951 2636 plorare
967 2567 1072 2633 cogunt.

287 2639 376 2699 Quid?
395 2639 450 2709 ipsa
465 2639 579 2693 remissio
595 2640 680 2697 luctus
693 2663 770 2714 quum
787 2648 826 2700 est
842 2645 986 2703 consecuta,
1000 2639 1074 2692 intel·

287 2716 429 2786 lectumque
448 2715 510 2768 nihil
530 2716 618 2784 profici
638 2720 772 2787 maerendo,
789 2735 872 2774 nonne
892 2734 933 2769 res
954 2714 1072 2777 declarat,

242 2791 365 2846 aarum
377 2796 458 2846 totum
471 2791 534 2846 illud
546 2791 735 2850 voluntarium?
771 2794 842 2855 Quid
854 2793 895 2847 ille
907 2791 1073 2845 Terentianus

265 2866 328 2935 ¹2²³ss
337 2886 369 2923 ὅθ
379 2870 508 2943 Poelllens,
521 2869 551 2929 ld
564 2873 604 2928 est
618 2873 705 2925 ἑαυτὸν
717 2866 907 2935 repopobpsvnsl
