2634 3367
474 344 541 393 LlB.
552 346 583 393 V·
600 344 674 393 cll).
688 348 724 403 1³,
739 348 776 396 ιι.
979 350 1025 397 les

232 453 329 509 liabent
351 453 459 524 aliquam
476 454 702 525 oompmationem:
726 455 851 509 humanus
869 456 954 509 sutem
972 456 1026 510 sni-

231 549 300 597 mus,
319 530 452 600 decerptus
470 549 501 585 ex
522 535 607 585 mente
625 531 716 598 divino,
734 549 792 586 oum
813 530 862 586 ulio
879 531 956 595 nullo,
975 532 1025 586 nisi

231 623 293 661 oum
313 606 367 675 ipso
386 605 440 671 deo,
459 607 481 660 si
497 606 546 661 hoo
563 608 601 661 fas
619 611 658 662 est
677 607 754 671 dictu,
773 607 912 676 eompururi
932 611 1024 677 potest.

230 682 287 737 Hic
304 682 391 751 igitur,
409 682 431 735 si
448 686 488 735 est
506 682 629 747 excultus,
643 686 669 737 et
688 683 710 737 si
726 683 781 752 ejus
798 685 863 737 acies
881 684 919 737 its
935 688 1023 737 curata
1033 694 1064 741 39

230 762 281 822 est,
295 761 325 811 ιιι
341 775 373 812 ne
389 761 498 812 eaecetur
514 758 658 823 erroribns3
676 758 705 812 tit
721 757 833 828 perfeeto
851 777 929 823 mens,
941 758 968 813 id
984 764 1023 813 est

230 831 350 887 absoluta
370 832 450 898 ruti03
478 833 545 903 quod
568 845 608 888 est
628 833 696 888 idem
716 834 804 888 virtus.
839 834 882 899 Et,
904 834 925 889 si
950 852 1023 889 omne

232 908 336 963 beatum
354 915 402 973 est,
419 909 460 963 oui
477 909 540 963 nihil
557 909 629 964 deest
646 913 673 964 et
685 910 753 979 quod
767 912 794 964 in
811 928 858 965 suo
875 929 967 981 genere
982 929 1023 965 ex-

233 985 330 1055 pletum
351 990 428 1053 atque
449 984 604 1039 cumulatum
625 988 673 1051 est,
691 985 768 1056 idque
785 986 888 1041 virtutis
906 990 945 1041 est
965 1005 1023 1056 pro-

232 1061 331 1129 prium:
350 1064 419 1115 oerte
435 1077 521 1115 omnes
533 1061 637 1115 virtutis
653 1067 782 1131 compotes
799 1062 866 1116 beati
883 1064 951 1117 sunt.
986 1063 1022 1116 nt

232 1134 281 1190 hoo
303 1134 402 1205 quidem
426 1136 487 1190 mihi
512 1154 569 1191 oum
596 1138 679 1191 Bruto
703 1137 828 1204 convenit,
851 1136 878 1191 id
901 1141 940 1191 est
964 1155 1022 1192 oum

231 1210 379 1275 Aristotele,
392 1211 543 1279 Xenocrate,
558 1212 706 1282 Speusippo,
719 1212 861 1266 Polemone.

266 1287 339 1340 XIV.
364 1286 414 1341 Sed
437 1287 498 1341 mihi
521 1287 640 1342 videntur
663 1288 739 1341 etiam
765 1286 910 1342 beatissimi.
951 1287 1060 1346 Quidso

230 1362 299 1415 enim
322 1361 394 1416 deest
418 1362 450 1416 od
470 1362 544 1417 beate
565 1362 700 1417 vivendum
721 1363 752 1427 ei,
774 1362 819 1433 qui
841 1361 944 1417 confidit
968 1363 1020 1417 suis

229 1436 323 1491 bonis?
344 1441 397 1504 sut,
415 1437 458 1508 qui
478 1437 576 1505 diffidit,
594 1437 684 1493 beatus
705 1456 760 1493 esse
778 1439 823 1508 qui
843 1438 948 1507 potest?
983 1439 1020 1493 At

229 1510 327 1567 diffidat
347 1531 450 1568 necesse
471 1517 517 1578 est,
537 1514 580 1584 qni
600 1514 666 1569 bona
686 1512 775 1568 dividit
794 1513 930 1583 tripertito.
968 1515 1019 1580 Qui

228 1588 297 1641 enim
318 1589 412 1658 poterit
433 1593 478 1643 unt
499 1589 610 1659 corporis
631 1589 752 1644 firmitate
773 1593 818 1644 aut
838 1590 947 1645 lortunae
967 1595 1019 1645 sta-

228 1662 328 1718 bilitate
345 1664 488 1719 oontideret
524 1665 611 1735 Atqui,
631 1665 680 1720 nisi
700 1665 784 1720 stabili
805 1668 831 1721 et
850 1666 900 1721 inm
918 1671 944 1721 et
963 1685 1019 1736 per-

227 1743 347 1793 manente
363 1738 438 1803 bono,
457 1738 547 1794 beatum
567 1758 623 1795 esse
644 1759 718 1796 nemo
739 1745 832 1811 potest.
869 1740 939 1800 Quid
957 1760 1018 1811 ergo

227 1813 353 1883 ejusmodi
368 1815 475 1868 istorum
492 1816 551 1869 esti
581 1816 620 1870 Ut
637 1817 699 1870 mihi
715 1816 824 1871 Laconis
841 1816 904 1871 illud
921 1815 1017 1870 dietum

226 1889 255 1943 in
266 1889 314 1943 hos
325 1888 415 1945 endere
427 1889 557 1945 videatur:
576 1891 619 1961 qui
634 1891 753 1960 glorianti
764 1890 863 1945 cuidam
874 1891 1015 1955 mercatori,

227 1965 297 2053 quod
313 1965 406 2020 multos
424 1983 500 2020 naves
521 1967 548 2020 in
568 1984 667 2021 omnem
688 1984 756 2020 oram
778 1966 853 2019 morit
853 1966 928 2019 imum
946 1965 1017 2020 dimi-

226 2041 310 2105 sisset,
321 2059 376 2095 noo
383 2059 445 2095 sam
454 2042 576 2111 optabiles
584 2043 754 2112 pesdemonte
765 2040 854 2110 inquit,
865 2040 1017 2095 rudentibus

225 2120 417 2187 aptafortena.
448 2119 491 2171 An
502 2116 658 2173 dubiumt
618 2121 658 2171 est
658 2116 741 2186 ,quin
753 2115 847 2170 nihil
827 2119 861 2169 ιιι
849 2114 1016 2170 thabeudum

225 2191 253 2246 in
274 2209 304 2246 eo
325 2209 425 2262 genere,
446 2210 496 2261 quo
513 2193 566 2248 vita
539 2192 660 2246 tbeatu
633 2190 828 2261 t,completur
846 2190 868 2245 si
888 2189 914 2243 id
934 2192 1016 2261 possit

224 2271 288 2320 amit
269 2266 329 2322 'ttil’
354 2267 426 2321 Nihil
440 2267 506 2321 enim
523 2268 711 2331 interiresoere,
725 2267 787 2321 nihil
803 2267 940 2337 exstingui,
952 2268 1015 2323 nihil

225 2341 316 2396 cadere
339 2341 414 2397 debet
402 2347 532 2410 teomm,
556 2342 695 2413 inquibus
716 2343 769 2397 vite
791 2342 866 2397 beatu
889 2344 971 2398 oonsis
972 2345 1013 2400 ιι.

225 2417 350 2489 Numqui
366 2417 472 2483 timebit,
485 2436 517 2472 ne
530 2418 591 2488 quid
606 2436 639 2473 ex
655 2419 696 2474 his
712 2418 840 2489 deperdat,
851 2418 941 2475 beatus
958 2440 1013 2476 esse

223 2510 277 2547 non
288 2493 390 2563 poterit.
414 2493 539 2547 Volumus
551 2493 625 2559 enim,
638 2512 703 2559 eum,
718 2496 760 2565 qui
772 2496 861 2551 beatus
874 2496 914 2563 sit,
927 2500 1011 2551 tutum
1021 2502 1050 2547 41

223 2587 288 2632 esse,
303 2569 530 2639 inexpugnabilem,
543 2574 643 2639 septum
662 2574 738 2640 utque
756 2573 895 2637 munitum
914 2589 964 2625 non
982 2577 1013 2626 ut

223 2663 303 2715 parvo
318 2650 389 2698 metu
404 2644 525 2715 praeditus
542 2646 583 2709 sit,
597 2644 641 2699 sed
653 2650 683 2699 ιιι
701 2646 778 2701 nullo.
813 2648 852 2701 Ut
864 2648 930 2700 enim
943 2647 1013 2701 inno-

223 2737 284 2775 cens
308 2719 331 2773 is
352 2719 452 2784 dicitnr,
473 2738 524 2773 non
544 2720 589 2789 qui
609 2719 699 2774 leviter
718 2724 799 2786 nocet,
821 2720 866 2775 sed
887 2722 930 2790 qni
950 2721 1013 2776 nihil

223 2799 314 2849 nocet:
334 2795 371 2848 sie
388 2794 442 2849 sine
459 2800 531 2849 metu
548 2796 570 2850 is
587 2794 720 2851 habentus
737 2800 788 2862 est,
798 2813 856 2849 non
868 2796 1025 2873 optumum

216 2869 316 2935 metuit,
329 2868 377 2924 sed
388 2869 433 2940 qni
446 2871 551 2930 omnino
563 2878 641 2931 metu
651 2877 743 2933 vassu.
774 2874 846 2939 (husu
854 2873 902 2925 enh
910 2867 987 2920 emm
993 2864 1055 2913 mxu
