2634 3367
485 334 554 383 LIB.
573 333 595 383 l.
613 333 689 382 ΟΔΡ.
706 333 811 385 87-89.
1012 337 1043 384 ³9

247 445 317 505 Quia
328 448 401 501 tenta
412 447 505 501 coritas
517 445 605 515 patrio
618 448 666 513 est,
678 448 709 500 ut
720 462 777 499 eam
789 461 842 499 uon
858 460 935 498 sensu
946 448 1043 509 nostro,

246 522 292 576 sed
304 521 387 576 saluts
400 522 481 591 ipsius
494 522 637 576 metiamur.

282 598 439 652 XXXVIII.
458 600 549 669 Itaque
561 615 612 652 non
621 596 734 652 deterret
746 596 886 667 sapientem
899 613 974 661 mors,
986 613 1041 666 quae
1050 612 1079 659 οι

246 677 352 745 propter
363 675 474 729 incertos
490 692 564 728 casus
577 672 691 744 quotidie
707 672 830 737 imminet,
843 676 948 743 pmpter
960 671 1042 727 brevi·

245 754 327 805 tatem
340 750 400 805 vitre
411 768 549 821 numquam
561 750 636 821 louge
648 752 735 819 potest
746 748 842 813 abesse,
856 765 907 819 qno
919 748 1003 803 minus
1015 749 1043 803 in

246 830 430 897 omnetempus
439 825 583 896 reipublicae
592 826 696 896 suisque
706 824 821 879 consulat
830 827 857 879 et
866 824 1042 894 posteritatem

245 903 336 973 ipsam,
350 902 423 972 cujus
434 920 535 956 sensum
549 899 684 957 habiturus
695 918 748 955 non
759 900 800 966 sit,
814 900 847 955 ad
859 918 886 955 se
898 903 973 970 putet
985 918 1042 970 per·

245 979 338 1033 tinere.
369 979 456 1037 Quare
468 978 528 1033 licet
544 978 622 1032 etiam
634 977 765 1032 mortalem
779 994 835 1031 esse
847 976 966 1043 animum,
975 975 1042 1047 judi·

246 1056 347 1109 cantem
360 1057 455 1108 aterna
466 1053 557 1119 moliri,
569 1071 622 1107 non
637 1052 725 1124 gloriae
737 1051 884 1122 cupiditate,
897 1070 972 1122 quam
984 1069 1041 1106 seu·

246 1148 324 1185 surus
336 1147 387 1184 non
398 1130 440 1195 sit,
451 1128 497 1184 sed
506 1130 617 1194 virtutis,
628 1146 704 1200 quam
713 1128 855 1183 necessario
867 1127 954 1197 gloria,
964 1127 1041 1182 etium

247 1208 270 1263 si
289 1207 364 1263 told
382 1225 433 1262 non
454 1226 522 1279 ogas,
544 1211 724 1277 consequatur.
760 1205 862 1259 Natura
878 1221 938 1258 vero
959 1205 995 1259 sic
1013 1223 1041 1260 se

246 1284 333 1350 habet,
346 1287 384 1348 ut,
397 1302 447 1354 qno
459 1283 534 1338 modo
546 1284 648 1338 initium
659 1282 733 1338 nobis
745 1300 830 1337 rerum
843 1280 956 1336 omnium
968 1284 1040 1336 ortus

247 1365 337 1416 noster
353 1360 450 1427 afferat,
467 1362 504 1415 sic
521 1361 618 1415 exitum
636 1377 722 1425 mors;
739 1363 770 1414 ut
787 1357 851 1413 nihil
868 1357 991 1428 pertinuit
1008 1358 1041 1413 ad

247 1455 295 1491 nos
311 1439 371 1491 ants
387 1442 479 1502 ortum,
496 1436 533 1491 sic
551 1435 614 1491 nihil
627 1441 687 1506 post
705 1438 813 1491 mortem
828 1434 972 1506 pertinebIt.
1009 1435 1041 1491 Iu

247 1532 300 1585 quo
312 1514 373 1585 quid
384 1518 470 1585 potest
481 1531 538 1569 csse
549 1513 616 1579 moli,
628 1532 706 1585 quum
719 1532 787 1568 mors
798 1530 846 1568 nec
857 1513 890 1567 ad
901 1512 971 1568 vivos
984 1531 1041 1583 per·

246 1591 337 1655 tinent,
351 1608 397 1645 uec
409 1589 441 1644 od
459 1591 593 1645 mortuos?
617 1589 700 1645 Alteri
717 1589 780 1644 nulli
795 1593 863 1655 sunt,
879 1588 972 1644 alteros
988 1605 1039 1642 uon

247 1666 363 1737 attingit.
394 1666 479 1726 Quam
492 1666 537 1737 qui
548 1666 666 1721 leviorem
678 1665 783 1732 iaciunt,
796 1665 878 1721 somni
889 1664 1039 1719 simillimam
1048 1677 1079 1724 92

247 1743 339 1798 volunt
351 1760 421 1797 esse:
441 1743 514 1813 quasi
530 1760 590 1797 vcro
606 1743 739 1813 quisquam
754 1743 792 1797 ita
806 1741 945 1813 nonaginta
961 1758 1040 1795 annos

247 1818 311 1873 velit
332 1820 425 1885 vivere,
445 1824 484 1883 ut,
506 1837 585 1889 quum
608 1819 741 1890 sexaginte
763 1818 908 1881 confecerit,
929 1816 1039 1887 reliquos

248 1894 368 1949 dormiat.
406 1896 447 1950 Ne
468 1912 527 1949 sues
545 1894 646 1965 quidem
664 1894 691 1948 id
709 1894 796 1960 velint,
813 1912 864 1948 uon
884 1891 959 1946 modo
977 1893 1040 1962 ipse.

247 1971 394 2043 Endymion
411 1988 479 2038 vero,
496 1971 520 2025 si
536 1970 634 2024 fabulas
652 1969 740 2025 audire
757 1969 881 2032 volumus,
899 1972 936 2032 ut,
955 1967 1040 2023 nescio

249 2048 359 2120 quaudo,
380 2049 408 2103 in
431 2050 521 2103 Latmo
545 2047 705 2115 obdormivit,
726 2047 770 2118 qui
794 2051 834 2101 est
856 2062 929 2099 mons
951 2044 1039 2112 Cariae,
1109 2103 1118 2126 ἱ

248 2125 370 2189 noudum,
394 2124 491 2193 opinor,
514 2127 555 2179 est
578 2129 748 2194 experrectus.
783 2122 855 2177 Num
878 2121 958 2194 igitur
981 2141 1040 2178 eum

248 2218 339 2257 curare
360 2218 455 2266 censes,
476 2219 555 2271 quum
572 2202 645 2254 Luna
663 2199 768 2265 laboret,
790 2216 874 2271 aqua
894 2200 1040 2272 consopitus

248 2282 364 2347 putatur,
381 2281 412 2331 ut
428 2296 486 2332 eum
498 2277 665 2331 dormientem
681 2277 857 2331 oscularetur?
882 2275 952 2335 Quid
968 2280 1041 2332 curet

248 2358 344 2418 autem,
363 2354 452 2425 quise
471 2353 550 2408 sentit
567 2352 689 2422 quidem?
714 2354 801 2409 Habes
820 2371 936 2408 somnum
953 2352 1042 2425 imagi-

248 2448 309 2485 nem
325 2430 422 2495 mortis,
435 2448 540 2500 eamque
552 2429 665 2499 quotidie
681 2430 772 2486 induis.
808 2430 844 2484 nt
856 2429 965 2495 dubitas,
979 2430 1041 2500 quin

249 2524 341 2560 sensus
362 2506 389 2559 in
412 2510 494 2560 morte
514 2505 599 2559 nullus
620 2505 662 2569 sit,
684 2524 763 2577 quum
782 2506 811 2560 in
831 2506 886 2576 ejus
908 2505 1041 2560 simulacro

248 2581 337 2637 videas
349 2600 406 2637 esse
419 2582 515 2636 nullum
527 2582 650 2636 sensum?

286 2728 414 2783 XXXIX.
435 2728 567 2784 Pellantur
585 2746 647 2802 ergo
667 2727 726 2787 istu
746 2728 857 2802 inept'me
873 2742 953 2797 piene
970 2722 1112 2776 acuemus

246 2809 309 2856 ante
324 2808 423 2872 tempus
439 2806 506 2861 mori
525 2806 651 2865 miserum
673 2829 744 2869 esse.
780 2805 871 2870 usco
884 2797 1090 2857 economum·

228 2876 307 2941 pus?
316 2876 483 2937 Naturaenel'
500 2886 541 2942 At
550 2905 586 2944 ea
596 2889 714 2965 quidem
724 2890 808 2949 (lollii.
819 2867 1114 2941 umms‘xms‘lffi'
