2634 3367
466 322 536 372 LlB.
555 323 574 371 l.
593 322 667 370 cht‘.
685 323 725 369 42.
960 326 992 372 ts

198 450 273 504 quom
287 448 376 487 eorum
387 431 499 488 omnium
511 433 636 501 fortunus,
648 433 694 504 qui
705 431 737 487 tle
748 431 797 487 hoo
804 430 992 501 judicaverunt

199 509 265 574 Etsi,
282 507 352 579 quod
366 513 459 578 preter
475 508 536 563 deos
551 513 629 579 neget
644 510 709 565 scire
725 525 884 580 quemquem,
901 507 929 563 id
944 508 993 564 scit

199 588 261 655 ipse,
280 589 369 639 utrum
387 584 476 639 melius
494 585 537 639 sit.
574 585 643 640 Num
661 585 726 640 (linit
744 589 812 640 snto.
849 584 900 640 Sed
917 603 993 640 suum

200 660 270 726 illud,
283 660 348 715 nihil
360 664 390 715 ut
402 660 515 728 affirmet,
527 664 598 716 tenet
610 661 643 716 ud
654 665 803 716 extremum.
838 660 896 716 Nos
907 665 991 716 sutem
1003 668 1049 715 loo

199 744 342 801 teneamus,
359 740 389 791 ut
406 735 469 791 nihil
486 754 633 793 oenscsruus
650 755 707 793 esse
724 736 826 801 mulum,
843 736 911 807 quod
928 737 994 792 sits

200 818 294 868 nsturu
304 811 392 866 dutum
402 812 535 869 omnibus:
552 813 781 886 intelligamusque,
789 813 812 869 si
821 831 888 868 mors
900 812 994 868 melum

200 890 242 953 sit,
255 906 313 943 esse
325 889 507 959 sempiternum
522 889 624 945 malum
660 890 728 945 Num
741 890 801 945 vitm
816 889 914 945 miserm
925 907 994 944 mors

200 966 258 1020 finis
270 982 328 1020 esse
339 964 441 1021 videtur
448 987 456 1033 ;
475 984 543 1021 mors
555 967 578 1021 si
589 972 630 1022 est
641 968 741 1032 misere,
752 966 859 1023 miserie
871 967 928 1022 inis
939 984 996 1022 esse

201 1041 287 1097 nullus
298 1044 395 1112 potest.
419 1041 470 1097 Sed
481 1042 543 1113 qnid
551 1061 600 1114 ego
610 1044 740 1099 Socratem
750 1048 796 1099 snt
808 1043 997 1111 Theramenem,

202 1121 355 1188 prestantes
374 1117 441 1173 viros
461 1118 564 1173 virtutis
582 1124 609 1174 et
628 1120 760 1191 sapientie
781 1119 871 1190 glorie,
890 1136 997 1174 comme·

202 1212 281 1260 moro,
302 1212 382 1265 quum
399 1193 606 1250 Inoednmonius
626 1195 737 1267 quidum,
757 1198 832 1265 cujus
853 1212 886 1249 ne
907 1211 999 1249 nomeu

203 1270 307 1342 quidem
319 1269 449 1338 proditum
457 1275 505 1335 est,
519 1275 626 1326 mortem
639 1275 713 1325 tento
725 1289 802 1342 opere
810 1270 998 1341 contempserit,

203 1350 242 1412 ut,
258 1364 340 1418 quum
355 1345 387 1401 sd
404 1363 460 1400 eum
477 1347 621 1413 duceretur,
640 1347 774 1402 damnatus
790 1347 822 1402 sb
839 1346 957 1418 Ephesis,
973 1350 1000 1401 et

205 1427 272 1477 esset
297 1422 373 1477 vultu
388 1420 463 1477 hilari
486 1425 563 1493 utque
586 1422 653 1489 loeto,
675 1423 831 1495 dixissetque
851 1423 875 1478 ei
899 1422 1000 1495 quidem

205 1498 331 1564 inimicus,
345 1498 549 1552 “Ooutemnisns
565 1498 634 1571 leges
649 1499 763 1571 Lycurgi
771 1501 800 1555 l''
825 1499 999 1570 responderit:

207 1574 287 1646 “Ego
309 1590 371 1629 vero
390 1573 428 1628 illi
448 1574 582 1629 munimem
603 1576 711 1647 gretiam
732 1576 822 1643 habeo,
843 1577 886 1647 qui
912 1595 951 1631 me
971 1594 1002 1631 eu

206 1668 282 1721 porus
293 1649 466 1718 mulctaverit,
475 1668 550 1721 quum
562 1651 617 1707 sins
628 1652 787 1708 mutuatione
796 1655 823 1707 et
835 1653 890 1708 sins
898 1671 1003 1707 versure

207 1744 308 1797 possem
322 1725 486 1781 dissolvere.”
522 1728 544 1781 0
557 1727 637 1781 virum
651 1728 743 1799 Sparte
754 1728 875 1799 dignum!
894 1735 925 1783 ut
941 1729 1003 1783 mihi

208 1801 320 1873 quidem,
337 1801 383 1872 qui
400 1805 454 1855 turn
471 1820 564 1873 magno
585 1804 669 1858 enimc
688 1803 773 1869 fuerit,
795 1805 916 1859 innocens
934 1804 1003 1858 dum·

206 1883 282 1935 natus
294 1895 353 1934 esse
364 1877 488 1933 videatur.
518 1878 592 1933 'I'ules
605 1880 799 1935 innumerabiles
811 1883 900 1934 nostre
911 1880 1000 1934 civitas
1013 1880 1055 1926 101

205 1955 274 2010 tulit.
312 1952 364 2008 Sed
386 1952 448 2025 quid
471 1952 549 2009 duces
569 1958 596 2010 et
619 1955 746 2026 principes
767 1955 902 2019 nominem,
923 1972 1000 2024 quum

205 2030 320 2102 legiones
337 2029 432 2085 scribut
449 2028 515 2083 (luto
532 2048 599 2100 supe
616 2030 711 2085 siseres
729 2031 827 2085 insum
845 2029 928 2084 locum
946 2048 1002 2098 pro·

205 2106 295 2174 iectus,
304 2104 374 2160 unde
383 2104 509 2159 rediturus
521 2123 549 2159 se
561 2124 613 2160 nou
621 2106 826 2161 arbitrarenturl
847 2104 908 2159 Puri
919 2105 1002 2160 enimc

206 2180 395 2238 lncedoemonii
411 2179 439 2235 in
449 2180 624 2253 Thermopylis
636 2181 791 2247 occiderunt,
803 2179 831 2236 in
842 2198 906 2252 quos
923 2181 1003 2237 Simo·

207 2258 298 2314 uides:

272 2346 287 2371 ‘⁶
295 2342 346 2390 Dic
357 2341 444 2404 hospes
457 2341 557 2403 Spsrtoe,
569 2357 614 2389 nos
625 2349 649 2390 te
659 2342 699 2390 hic
711 2342 799 2392 vidisse
809 2344 925 2405 jacentes,

330 2413 390 2460 dum
401 2412 490 2460 sanctis
502 2412 587 2473 petrice
598 2413 694 2473 legibus
705 2414 885 2476 obsequimur.¹¹

207 2489 278 2550 Quid
295 2487 339 2543 ille
351 2486 404 2541 dux
415 2486 542 2542 Leonides
555 2487 636 2543 dioitt
655 2489 756 2559 Perpr'tc
767 2492 858 2543 auimo
861 2490 939 2559 forti,
951 2490 1005 2543 Lm·

207 2566 377 2620 monii.-
405 2562 480 2617 hodis
497 2563 572 2632 opod
594 2564 693 2634 inferos
708 2565 825 2635 fortasse
841 2563 1004 2619 conabimur.

208 2642 271 2697 Fuit
295 2640 352 2694 hec
375 2657 439 2709 gens
463 2638 545 2703 iustis,
567 2638 629 2693 dum
652 2640 763 2709 Lycurgi
785 2639 856 2708 leges
875 2637 1004 2708 vigebunt.

208 2717 337 2790 liquibus
348 2734 424 2780 unus,
438 2732 515 2785 quum
528 2714 619 2769 Perses
631 2714 715 2771 hostis
729 2714 898 2787 incollouuro
906 2712 1021 2766 ursino

208 2793 338 2865 moriens:
358 2792 460 2845 “›S'olem
466 2809 529 2861 pro
534 2791 700 2862 firmatorum
714 2793 900 2851 multitudine
911 2796 936 2841 ct
954 2783 1041 2847 septt-

195 2865 513 2959 fflffflstontffibl'tk:
530 2871 571 2927 In
589 2874 693 2932 umbro
711 2864 936 2950 optumumst,
947 2865 1080 2953 popum*
1093 2915 1124 2961 w

186 2938 274 2988 lmus
335 2940 411 2997 Vrros
424 2960 624 3012 commemoro,
671 2954 776 3019 Quone
787 2947 918 3009 mem
929 2937 1082 2990 monens.
