2634 3367
410 351 416 364 ·
486 342 553 389 nus.
573 342 615 389 1v.
635 341 710 389 cur.
728 344 783 400 as.
985 342 1027 387 mr

238 452 293 507 sive
303 452 370 523 quod
382 450 554 506 invitabantur
563 451 686 506 illecebris
697 448 795 505 blandae
804 448 942 519 voluptatis
949 471 956 515 ;
976 449 1029 501 sive

237 532 323 595 etiam,
349 531 409 601 quia
431 530 493 584 nihil
519 530 643 599 prolatum
668 533 722 583 erut
746 527 842 593 melius,
866 528 935 593 illud,
961 527 1027 597 quod

237 616 301 671 erat,
315 606 442 661 tenebant.
479 607 542 660 Post
555 606 716 659 Amalanium
733 609 816 658 autem
829 603 902 658 multi
914 604 1025 673 ejusdem
1038 617 1051 665 7

237 683 322 736 aemuli
338 683 443 738 rationis
459 683 540 737 multa
551 701 628 753 quum
647 681 814 751 scripsissent,
828 680 927 734 ltaliam
947 687 1026 734 totam

236 764 447 828 occupaverunt:
477 758 594 830 quodque
617 759 753 811 maximum
778 762 953 827 argumentum
979 765 1025 821 est,

235 853 289 889 non
305 835 355 890 dici
370 829 413 889 ill'a
428 834 562 900 subtiliter,
577 834 642 905 quod
656 839 682 889 et
699 833 771 887 facile
787 833 938 897 ediscantur,
951 839 977 887 et
995 833 1026 888 ab

235 911 346 965 indoctis
364 910 510 981 probentur,
522 911 548 966 id
563 910 600 965 illi
614 912 799 964 firmamentum
818 926 872 963 esse
889 909 1025 979 discipliuae

235 992 337 1058 putant.
689 994 690 997 ’

272 1064 321 1117 IV.
340 1063 390 1117 Sed
411 1062 529 1118 defendat
548 1062 616 1133 quod
634 1063 741 1133 quisque
761 1061 853 1116 sentit:
879 1065 939 1115 sunt
958 1063 1024 1115 euius

230 1139 331 1210 judicia
350 1140 443 1195 libera:
470 1158 516 1194 nos
540 1140 687 1195 institutum
710 1137 859 1203 tenebimus,
881 1138 1024 1207 nulliusque

233 1217 311 1270 unius
324 1216 462 1287 discipline
479 1215 578 1286 legibus
596 1215 701 1281 astricti,
714 1214 805 1285 quibus
822 1213 850 1267 in
867 1213 1024 1283 philosophia

232 1293 376 1347 necessario
400 1309 538 1362 pareamus,
561 1291 621 1362 quid
644 1292 678 1346 sit
699 1291 726 1345 in
746 1308 845 1361 quaque
865 1307 892 1344 re
916 1292 1023 1345 maxime

232 1367 370 1438 probabile,
383 1387 483 1439 semper
494 1369 657 1438 requiremus.
694 1366 774 1427 Quod
783 1385 861 1437 quum
870 1384 941 1436 ,saepe
953 1367 1021 1432 alias,

232 1450 289 1498 tum
306 1462 387 1515 nuper
402 1446 429 1498 in
443 1445 585 1499 Tusculano
601 1444 714 1499 studiose
730 1444 836 1515 egimus.
872 1443 963 1513 Itaque
980 1462 1023 1497 ex-

232 1521 324 1590 positis
343 1519 421 1575 tridui
442 1520 662 1591 disputationibus,
685 1530 789 1592 quartus
813 1519 866 1574 dies
887 1520 935 1575 hoc
958 1519 1021 1575 libro

231 1597 400 1652 concluditur.
435 1599 474 1652 Ut
490 1598 556 1652 enim
573 1599 599 1652 in
614 1598 757 1652 inferiorem
774 1597 965 1652 ambulationem
979 1599 1022 1652 de-

231 1673 384 1741 scendimus,
402 1674 470 1745 quod
487 1675 626 1729 feceramus
643 1673 710 1729 idem
732 1674 903 1744 superioribus
924 1674 1020 1739 diebus,

231 1754 290 1804 acta
301 1768 342 1803 res
354 1758 394 1803 est
406 1751 450 1804 sic.

267 1825 305 1879 M.
315 1826 398 1892 Dicat,
411 1826 432 1880 si
444 1826 501 1896 quis
512 1827 575 1891 vult,
588 1845 638 1898 qua
654 1826 685 1881 de
702 1845 729 1880 re
745 1826 868 1895 disputari
883 1826 951 1881 velit.
988 1828 1019 1881 Δ,
1030 1839 1044 1883 8

230 1901 293 1955 Non
311 1902 372 1956 mihi
386 1901 487 1957 videtur
504 1904 573 1957 omni
590 1903 666 1957 animi
684 1902 872 1973 perturbatione
890 1921 963 1971 posse
981 1922 1020 1957 sa·

229 1978 303 2047 piens
321 1995 417 2033 vacare.
452 1978 664 2049 M.AEgritndine
682 1978 783 2049 quidem
801 1979 919 2033 hesterna
936 1979 1019 2048 dispu-

228 2054 328 2107 tatione
351 2054 505 2109 videbatur:
537 2055 586 2109 nisi
609 2056 676 2109 forte
701 2056 822 2124 temporis
848 2073 924 2109 cerusa
946 2056 1018 2111 nobis

228 2130 408 2185 assentiebare.
445 2133 478 2184 A.
500 2131 607 2186 Minime
630 2149 699 2186 vero.
742 2132 808 2185 Nam
833 2132 894 2186 mihi
917 2134 1018 2203 egregie

228 2205 336 2274 probata
347 2211 387 2259 est
399 2207 479 2260 oratio
491 2210 544 2261 tua.
574 2207 613 2261 M.
623 2207 683 2261 Non
695 2207 775 2277 igitur
786 2207 916 2263 existimas
929 2210 1018 2265 cudere

227 2282 255 2335 in
274 2282 412 2351 sapientem
431 2281 626 2353 egritudinem?
662 2285 693 2337 Δ.
709 2285 816 2339 Prorsus
834 2303 885 2339 non
902 2285 1017 2342 arbitror.

228 2358 267 2411 M.
288 2358 376 2429 Atqui,
398 2359 420 2413 si
443 2360 494 2413 ista
518 2359 665 2430 perturbare
689 2362 799 2416 animum
823 2364 943 2433 sapientis
967 2384 1017 2420 non

227 2438 321 2503 potest,
334 2434 403 2489 nulla
414 2437 517 2505 poterit.
553 2437 620 2501 Quid
632 2438 718 2493 enim?
736 2443 851 2494 metusne
864 2441 1017 2498 conturbet?

225 2511 264 2563 At
282 2528 368 2579 earum
389 2530 472 2566 rerum
494 2517 534 2567 est
555 2513 696 2568 absentium
718 2520 808 2581 metus,
828 2535 932 2586 quarum
955 2537 1017 2588 prse-

226 2588 337 2640 sentium
354 2592 394 2643 est
410 2589 542 2659 aegritudo.
580 2589 685 2645 Sublata
697 2591 776 2660 igitur
788 2594 943 2664 egritudine,
958 2596 1017 2649 sub-

225 2663 295 2716 latus
313 2668 353 2718 est
372 2669 463 2720 metus.
499 2667 609 2720 Restant
627 2666 683 2722 duae
702 2668 910 2737 perturbationes,
924 2670 1017 2724 'laetitia

225 2740 339 2807 gestiens
358 2745 385 2794 et
405 2740 499 2795 libido:
523 2761 579 2812 quae
600 2744 689 2797 sinon
711 2744 801 2799 cadent
821 2746 847 2798 iu
869 2746 1021 2813 sapientem,

224 2833 323 2883 semper
337 2835 407 2870 mens
425 2818 473 2871 erit
490 2819 628 2892 tranquilla
644 2821 782 2893 sapientis.
822 2820 915 2873 usis
927 2821 1068 2884 prossus&

216 2891 337 2960 mellita
374 2894 414 2947 Μ·
432 2895 530 2955 Utrum
550 2900 635 2974 igitur
654 2902 763 2958 mauist
787 2896 924 2953 statimne
938 2884 1074 2940 nossem
