2634 3367
472 372 539 419 LlB.
559 372 595 419 II.
613 372 687 419 CAP.
708 370 742 427 lt,
759 372 795 419 18.
996 373 1028 419 69

232 485 297 539 nihil
316 502 359 539 eos
380 485 460 549 malle,
480 504 556 556 quam
578 485 618 540 vel
639 485 740 540 domino
761 484 906 540 satisfacere
923 485 964 540 vel
984 504 1028 556 po·

233 561 314 631 pulo?
339 561 445 615 mittunt
467 562 543 615 etiam
562 561 708 616 vulneribus
729 562 837 616 confecti
855 559 888 615 ad
906 559 1028 629 dominos,

233 637 277 708 qui
290 641 411 707 quaerant,
425 637 486 708 quid
498 637 590 692 velint:
610 637 631 691 si
647 637 761 692 satiabis
774 637 870 692 factum
881 637 985 701 nonsit,
999 656 1027 692 se

232 713 297 768 uelle
313 712 470 768 decumbere.
508 714 574 772 Quis
592 713 724 768 mediocris
742 714 866 785 gladiator
883 714 1027 785 ingemuit?

233 790 291 860 quis
309 789 406 843 vultum
425 791 534 844 mutavit
551 792 690 860 umquem?
712 791 767 861 quis
785 807 836 845 non
853 790 927 845 modo
946 792 1026 855 stetit,

232 884 322 919 verum
343 866 419 919 etiam
440 866 561 921 decubuit
582 866 711 936 turpiter?
736 867 799 937 quis,
820 884 898 937 quum
917 865 1028 922 decubu-

232 942 304 1008 isset,
320 940 414 995 l'errum
433 942 544 1011 recipere
558 942 655 1012 jussus,
672 941 762 997 collum
781 942 927 997 contraxit?
962 942 1028 998 Tan-

233 1020 289 1072 tum
303 1018 457 1082 exercitatio,
471 1017 610 1084 meditatio,
623 1018 781 1073 consuetudo
792 1018 868 1074 valet.
898 1018 968 1089 Ergo
980 1020 1028 1075 hoo

252 1093 331 1148 otorit

233 1112 251 1164 p
299 1170 401 1226 Samnis,
415 1186 516 1233 spurcus
528 1172 607 1228 homo,
619 1171 670 1219 vita
680 1171 723 1219 illu
736 1171 819 1233 dignu'
832 1171 946 1233 locoque:

233 1253 274 1308 vir
289 1259 365 1307 nutus
384 1253 416 1308 ad
433 1254 539 1325 gloriam
556 1255 631 1310 ullam
650 1258 749 1324 partem
768 1254 845 1309 animi
859 1259 912 1309 tam
928 1256 1028 1312 mollem

234 1329 345 1395 habebit,
359 1348 435 1399 quem
451 1348 503 1385 non
520 1330 688 1386 meditatione
704 1335 730 1386 et
748 1331 845 1385 ratione
863 1332 1028 1388 corroboret?

235 1405 344 1459 Crudele
363 1404 532 1475 gladiatorum
549 1407 721 1477 spectaculum
740 1410 766 1462 et
784 1406 948 1462 inhumanum
966 1427 1028 1464 non·

235 1481 311 1555 nulb's
325 1481 403 1536 videri
420 1482 499 1536 solet:
518 1488 544 1537 et
556 1482 624 1537 haud
640 1484 693 1538 scio
709 1501 742 1537 an
757 1483 794 1538 ita
811 1484 852 1548 sit,
866 1488 896 1538 ut
911 1503 979 1540 nunc
990 1486 1028 1541 fit.

235 1558 322 1615 Quum
336 1576 395 1612 vero
413 1563 500 1613 sontes
518 1559 585 1614 ferro
601 1559 789 1630 depugnabant,
803 1559 906 1615 auribus
921 1560 1028 1617 sortasse

235 1634 330 1700 multae,
342 1633 421 1688 oculis
438 1634 538 1705 quidem
556 1635 626 1690 nullo
643 1640 742 1706 poterat
760 1654 815 1691 esse
832 1636 923 1691 fortior
940 1642 1029 1693 contre

235 1709 345 1764 dolorem
359 1714 385 1764 et
398 1715 505 1764 mortem
517 1711 654 1781 disciplina.

271 1785 376 1841 XVIII.
399 1786 440 1840 De
461 1787 641 1843 exercitatione
662 1792 688 1844 et
710 1787 892 1844 consuetudine
912 1791 939 1843 et
959 1798 1066 1845 com-42

235 1862 390 1916 mentatione
408 1861 467 1916 dixi.
503 1863 559 1933 Age
577 1864 619 1927 sis,
639 1882 707 1919 nunc
725 1863 756 1918 de
770 1864 868 1918 ratione
883 1864 1025 1920 videamus:

236 1936 284 1990 nisi
297 1936 358 2007 quid
370 1937 407 1991 vis
419 1936 451 1991 ad
463 1937 524 1992 haec.
554 1940 586 1992 A.
598 1940 687 2009 Egone
699 1943 728 1993 ut
741 1944 767 1993 te
779 1938 955 2010 interpellem?
985 1940 1026 1995 Ne

235 2012 284 2066 hoc
301 2012 402 2084 quidem
420 2013 524 2067 vellem:
548 2014 586 2068 ite
606 2033 646 2069 me
667 2014 700 2069 ad
718 2013 871 2068 credendum
890 2019 937 2069 tua
957 2015 1027 2071 ducit

235 2088 324 2141 oratio.
359 2088 397 2142 M.
423 2089 495 2143 Sitne
522 2089 602 2159 igitur
625 2090 718 2144 malum
743 2089 814 2144 dolor
837 2106 924 2155 necne,
949 2091 1028 2148 Stoici

236 2163 352 2229 viderint,
374 2164 418 2233 qui
441 2166 591 2220 contortulis
615 2165 765 2236 quibusdam
789 2166 945 2221 nominatis
969 2186 1028 2224 con·

235 2239 407 2304 clusiuneulis,
420 2257 466 2294 nee
479 2240 612 2296 adsensus
629 2242 842 2312 permanentibus,
855 2242 919 2297 effici
932 2243 1027 2313 volunt,

235 2332 287 2369 non
298 2333 354 2370 esse
369 2316 462 2370 malum
476 2316 594 2371 dolorem.
629 2318 686 2388 Ego
701 2317 770 2387 illud,
784 2318 905 2391 quidquid
917 2319 960 2385 sit,
971 2325 1028 2375 tan·

234 2395 291 2445 tum
311 2409 375 2458 esse,
393 2397 515 2462 quantum
535 2392 658 2457 videatur,
677 2411 728 2448 non
748 2398 819 2465 puto,
839 2394 952 2467 falsaque
972 2397 1027 2467 ejus

234 2466 331 2521 visione
355 2470 382 2521 et
405 2467 488 2537 specie
512 2469 607 2522 moveri
629 2470 743 2524 homines
767 2469 823 2525 dico
843 2471 1026 2537 vehementius,

235 2541 397 2613 doloremque
409 2542 465 2612 ejus
477 2561 577 2597 omnem
589 2562 645 2599 esse
657 2544 820 2601 tolerabilem.
855 2546 932 2601 Unde
947 2546 1027 2618 igitur

234 2617 339 2671 ordiarl
362 2635 396 2671 an
412 2617 500 2672 eudem
517 2618 628 2674 breviter
644 2621 776 2691 attingam,
796 2640 852 2691 qnae
870 2622 946 2676 modo
966 2621 1025 2687 diri,

233 2710 285 2764 quo
299 2691 397 2747 facilius
409 2694 490 2747 oratio
506 2694 625 2764 progredi
640 2696 721 2765 possit
733 2695 854 2766 longiusl
890 2696 962 2749 Inter
973 2713 1027 2747 om·
1037 2706 1073 2749 as

233 2787 279 2823 nes
297 2769 377 2839 igitur
391 2769 440 2823 hoc
457 2773 564 2838 constat,
576 2788 625 2827 nec
641 2770 735 2828 doctos
747 2770 875 2828 bonianes
891 2764 1058 2825 salumin&

232 2844 307 2897 etiam
318 2842 441 2910 indoctos,
457 2845 572 2905 virorum
590 2869 649 2908 esse
662 2851 781 2908 tortium
791 2854 823 2906 et
833 2841 1082 2914 magnummontem

218 2922 247 2969 et
252 2918 409 2985 patientium
423 2928 454 2981 et
465 2925 589 2988 bumana
602 2932 785 2991 vincentium
795 2923 958 2985 toleranter
969 2905 1109 2962 menonem
