2634 3367
474 363 542 415 LIB.
553 363 583 413 V.
612 364 687 413 CAP.
704 364 804 413 19-22.
988 364 1033 413 177

236 476 340 531 ditatos.
367 474 452 542 Quum
463 474 524 531 boio
535 475 672 531 obsecutus
684 476 727 541 sis,
736 474 772 530 illi
784 476 823 529 est
833 472 1031 544 repugnandum.

237 554 402 623 Quamquam
419 551 461 607 hio
479 551 580 623 quidem
597 555 721 623 tyrannus
739 552 793 622 ipse
810 550 938 614 indicarit,
958 567 1032 620 quam

238 629 309 683 esset
322 628 420 682 beatus.

274 704 348 757 XXI.
378 702 446 758 Nam
471 722 548 775 quum
573 703 673 774 quidam
698 720 730 758 ex
754 706 810 773 ejus
835 700 1033 756 assentatoribus
1043 707 1072 754 61

239 779 376 835 Damocles
390 784 599 835 commemoraret
615 780 642 834 in
658 796 773 834 sermone
789 779 874 850 copias
888 781 951 847 ejus,
965 794 1033 847 opes,

239 856 399 925 majestatem
426 853 579 922 dominatus,
601 873 686 911 rerum
711 855 898 917 abundantiam,
922 853 1035 925 magnid-

239 930 351 987 ccntiam
378 930 471 985 adium
495 933 629 1002 regiarum,
653 937 809 1001 negaretque
834 948 952 1001 umquam
977 928 1036 983 bsa-

239 1007 332 1062 tioram
344 1024 495 1077 quemquam
505 1007 599 1062 fuisse:
616 1008 694 1061 Visae
703 1008 795 1076 1011ον,
803 1006 896 1075 100011,
905 1005 1036 1069 Damocle,

240 1083 369 1155 quoniam
380 1082 434 1137 boec
450 1094 473 1136 te
486 1084 542 1138 cita
553 1084 663 1147 delectat,
677 1084 732 1154 ipse
746 1083 859 1136 mandem
871 1082 1037 1152 degustarem

236 1160 381 1228 somonam
398 1160 514 1229 experiri
530 1159 637 1213 meam?
662 1160 749 1218 Quum
768 1176 795 1213 se
813 1158 854 1213 ille
872 1174 964 1227 cupere
982 1155 1037 1210 dix-

241 1235 314 1299 isset,
334 1233 452 1290 collocari
469 1235 546 1305 jussit
566 1234 695 1290 hominem
715 1236 742 1289 in
761 1223 840 1289 aureo‘
859 1233 933 1297 lecto,
955 1235 1036 1287 strato

242 1309 413 1382 pulcherrime
430 1310 514 1365 textili
532 1310 653 1381 stragulo,
666 1310 805 1381 magnificis
823 1309 941 1380 operibus
959 1308 1035 1378 picto,

242 1386 386 1457 abacosque
404 1386 545 1456 complures
566 1386 666 1441 ornavit
687 1390 792 1458 argento
812 1402 923 1457 auroque
942 1384 1037 1440 caelato.

242 1462 311 1516 Tum
329 1461 362 1516 ad
380 1480 491 1517 mensam
514 1462 606 1517 eximia
623 1462 704 1516 forma
724 1479 816 1533 pueros
834 1460 945 1517 delectos
960 1460 1037 1532 jussit

243 1539 392 1606 consistere,
403 1555 497 1609 cosque
508 1542 599 1593 nutum
617 1538 685 1593 illius
702 1539 831 1594 intuentes
844 1538 978 1609 diligenter
992 1537 1038 1591 mi-

244 1615 362 1670 nistrare.
398 1614 513 1669 Aderant
536 1619 675 1685 unguenta,
696 1634 810 1671 coronae:
840 1615 1038 1671 incendebantur
1047 1621 1078 1670 62

244 1690 352 1746 odores:
378 1709 471 1746 mensae
491 1691 711 1762 conquisitissimis
733 1692 814 1763 epulis
833 1692 1037 1748 exstruebantur.

245 1766 403 1822 Fortunatus
427 1767 475 1822 sibi
490 1767 633 1822 Damocles
653 1768 793 1823 videbatur.
829 1768 862 1821 Iu
884 1767 932 1822 hoc
955 1766 1038 1821 madio

245 1846 370 1913 apparatu
392 1843 532 1915 fulgentem
556 1843 675 1913 gladium,
698 1862 712 1899 0
736 1844 847 1910 lacunari
871 1846 926 1897 sata
947 1842 1039 1912 equina

245 1924 343 1990 aptum,
363 1918 462 1974 demitti
479 1920 567 1989 jussit,
584 1923 615 1974 ut
634 1918 791 1989 impenderet
813 1918 880 1972 illius
900 1917 1039 1972 100011000-

245 1994 353 2050 vicibus.
389 1996 482 2066 Itaque
499 2012 547 2051 neo
563 1995 683 2066 pulchros
700 1993 757 2049 illos
774 1993 959 2048 ministratores
975 1993 1039 2062 aspi-

245 2071 330 2127 ciebat
346 2088 394 2126 ncc
411 2071 514 2142 plenum
531 2071 594 2126 artis
612 2074 761 2142 argentum;
780 2086 827 2124 nec
844 2087 945 2124 manum
962 2070 1039 2139 porri·

222 2210 224 2214 s
246 2146 325 2219 gebat
343 2147 372 2202 10
391 2166 519 2214 mensam
542 2149 594 2218 jam
614 2148 676 2217 ipsa
697 2145 841 2202 defluebant
862 2162 976 2201 coronae:
997 2145 1040 2201 de-

245 2224 324 2295 nique
344 2224 459 2279 exoravit
479 2228 623 2294 tyrannum,
644 2225 675 2278 ut
696 2223 765 2278 abire
786 2222 881 2288 1100001,
902 2221 969 2292 quod
985 2226 1039 2293 jam

246 2300 339 2355 beatus
356 2299 435 2355 nollet
452 2317 516 2355 esse.
554 2300 654 2354 Satisne
670 2299 772 2355 videtur
790 2298 929 2355 declarasse
945 2300 1040 2372 Diony·

248 2376 309 2441 sins,
331 2375 395 2430 nibil
417 2394 474 2431 esse
496 2376 520 2429 01
541 2374 652 2440 beatum,
674 2376 716 2431 cui
739 2394 838 2446 semper
859 2375 936 2447 aliqui
959 2380 1041 2432 terror

248 2451 411 2521 impendeat?
440 2453 527 2524 Atque
539 2451 562 2506 ei
578 2469 610 2507 ne
626 2451 755 2523 integrum
770 2452 871 2524 quidem
888 2457 951 2517 erat,
963 2457 993 2507 ut
1009 2453 1040 2507 ad

243 2527 373 2597 justitiam
394 2528 550 2598 remigraret,
572 2527 670 2583 civibus
694 2528 837 2583 libertatem
860 2532 887 2583 et
906 2529 964 2599 jura
985 2528 1041 2582 red-

246 2603 336 2659 deret:
354 2604 387 2659 iis
399 2604 467 2659 enim
478 2622 506 2659 se
518 2603 663 2660 adolescens
675 2604 815 2675 improvida
826 2607 902 2659 aetate
914 2604 1041 2657 irretierat

246 2679 347 2745 erratis,
360 2697 440 2750 euque
451 2680 617 2746 commiserat,
631 2682 662 2735 ut
678 2680 762 2735 salvus
778 2696 896 2735 essenon
912 2681 1005 2748 posset,
1019 2677 1041 2732 si

247 2774 325 2811 sanus
338 2774 394 2810 esse
406 2756 531 2826 coepisset.

275 2833 365 2886 XXII.
385 2834 489 2897 Quanto
501 2854 582 2912 opere
594 2856 660 2897 vero
677 2836 813 2897 amicitias
827 2828 1007 2889 desideraret,
1015 2824 1125 2896 Qui-1³³³*

227 2921 288 2957 turn
294 2904 475 2968 infidelitatem
488 2916 703 2990 extimescebat,
712 2898 1114 2977 0001000011’0011111019Μ

655 3016 681 3057 ns
