<?xml version="1.0" encoding="UTF-8"?>
<!DOCTYPE html PUBLIC "-//W3C//DTD XHTML 1.0 Transitional//EN"
    "http://www.w3.org/TR/xhtml1/DTD/xhtml1-transitional.dtd">
<html xmlns="http://www.w3.org/1999/xhtml" xml:lang="en" lang="en">
 <head>
  <title>
</title>
<meta http-equiv="Content-Type" content="text/html;charset=utf-8" />
  <meta name='ocr-system' content='tesseract 3.04.00' />
  <meta name='ocr-capabilities' content='ocr_page ocr_carea ocr_par ocr_line ocrx_word'/>
</head>
<body>
  <div class='ocr_page' id='page_1' title='image "./mtulliiciceroni09cicegoog/mtulliiciceroni09cicegoog_0033.png"; bbox 0 0 2634 3367; ppageno 0'>
   <div class='ocr_carea' id='block_1_1' title="bbox 472 324 1022 386">
    <p class='ocr_par' dir='ltr' id='par_1_1' title="bbox 472 324 1022 386">
     <span class='ocr_line' id='line_1_1' title="bbox 472 324 1022 386; baseline 0.015 -13"><span class='ocrx_word' id='word_1_1' title='bbox 472 324 542 373; x_wconf 78' lang='lat' dir='ltr'><strong>Lis.</strong></span> <span class='ocrx_word' id='word_1_2' title='bbox 562 324 584 372; x_wconf 91' lang='grc' dir='ltr'><strong>Ι.</strong></span> <span class='ocrx_word' id='word_1_3' title='bbox 601 325 676 376; x_wconf 80' lang='lat' dir='ltr'>CAP.</span> <span class='ocrx_word' id='word_1_4' title='bbox 693 331 732 386; x_wconf 76' lang='lat'><strong>26,</strong></span> <span class='ocrx_word' id='word_1_5' title='bbox 746 328 784 379; x_wconf 76' lang='lat'><strong>27.</strong></span> <span class='ocrx_word' id='word_1_6' title='bbox 992 335 1022 381; x_wconf 75' lang='lat'><strong>27</strong></span> 
     </span>
    </p>
   </div>
   <div class='ocr_carea' id='block_1_2' title="bbox 230 436 1063 2787">
    <p class='ocr_par' dir='ltr' id='par_1_2' title="bbox 230 436 1063 2162">
     <span class='ocr_line' id='line_1_2' title="bbox 231 436 1022 510; baseline 0.003 -17"><span class='ocrx_word' id='word_1_7' title='bbox 231 437 338 506; x_wconf 85' lang='lat' dir='ltr'><strong>onltnm,</strong></span> <span class='ocrx_word' id='word_1_8' title='bbox 357 436 448 492; x_wconf 91' lang='lat' dir='ltr'><strong>deinde</strong></span> <span class='ocrx_word' id='word_1_9' title='bbox 469 436 502 491; x_wconf 90' lang='lat' dir='ltr'><strong>ad</strong></span> <span class='ocrx_word' id='word_1_10' title='bbox 521 436 566 506; x_wconf 76' lang='lat' dir='ltr'><strong>jue</strong></span> <span class='ocrx_word' id='word_1_11' title='bbox 586 437 723 504; x_wconf 88' lang='lat' dir='ltr'><strong>hominum,</strong></span> <span class='ocrx_word' id='word_1_12' title='bbox 746 438 813 510; x_wconf 89' lang='lat' dir='ltr'><strong>qnod</strong></span> <span class='ocrx_word' id='word_1_13' title='bbox 837 440 914 494; x_wconf 89' lang='lat' dir='ltr'><strong>situm</strong></span> <span class='ocrx_word' id='word_1_14' title='bbox 935 441 1022 495; x_wconf 87' lang='lat' dir='ltr'><strong>estin</strong></span> 
     </span>
     <span class='ocr_line' id='line_1_3' title="bbox 231 512 1023 587; baseline 0.005 -20"><span class='ocrx_word' id='word_1_15' title='bbox 231 513 332 585; x_wconf 87' lang='lat' dir='ltr'><strong>generis</strong></span> <span class='ocrx_word' id='word_1_16' title='bbox 350 512 454 567; x_wconf 88' lang='lat' dir='ltr'><strong>hnmani</strong></span> <span class='ocrx_word' id='word_1_17' title='bbox 474 512 606 578; x_wconf 75' lang='lat' dir='ltr'><strong>societate,</strong></span> <span class='ocrx_word' id='word_1_18' title='bbox 627 520 684 568; x_wconf 89' lang='lat' dir='ltr'><strong>turn</strong></span> <span class='ocrx_word' id='word_1_19' title='bbox 705 514 737 569; x_wconf 89' lang='lat' dir='ltr'><strong>ad</strong></span> <span class='ocrx_word' id='word_1_20' title='bbox 756 514 903 571; x_wconf 76' lang='lat' dir='ltr'><strong>modestiam</strong></span> <span class='ocrx_word' id='word_1_21' title='bbox 928 518 1023 587; x_wconf 77' lang='lat' dir='ltr'><strong>magni·</strong></span> 
     </span>
     <span class='ocr_line' id='line_1_4' title="bbox 230 587 1024 661; baseline 0.004 -17"><span class='ocrx_word' id='word_1_22' title='bbox 230 588 397 659; x_wconf 88' lang='lat' dir='ltr'><strong>tudinemqne</strong></span> <span class='ocrx_word' id='word_1_23' title='bbox 412 587 490 643; x_wconf 86' lang='lat' dir='ltr'><strong>animi</strong></span> <span class='ocrx_word' id='word_1_24' title='bbox 505 587 631 655; x_wconf 77' lang='lat' dir='ltr'><strong>erudivit3</strong></span> <span class='ocrx_word' id='word_1_25' title='bbox 649 589 787 661; x_wconf 85' lang='lat' dir='ltr'><strong>eademque</strong></span> <span class='ocrx_word' id='word_1_26' title='bbox 803 591 834 647; x_wconf 85' lang='lat' dir='ltr'><strong>ab</strong></span> <span class='ocrx_word' id='word_1_27' title='bbox 850 592 942 659; x_wconf 87' lang='lat' dir='ltr'><strong>animo,</strong></span> <span class='ocrx_word' id='word_1_28' title='bbox 959 596 1024 647; x_wconf 89' lang='lat' dir='ltr'><strong>tam·</strong></span> 
     </span>
     <span class='ocr_line' id='line_1_5' title="bbox 231 664 1024 738; baseline 0.004 -19"><span class='ocrx_word' id='word_1_29' title='bbox 231 683 308 736; x_wconf 90' lang='lat' dir='ltr'><strong>qnam</strong></span> <span class='ocrx_word' id='word_1_30' title='bbox 329 664 361 719; x_wconf 90' lang='lat' dir='ltr'><strong>ab</strong></span> <span class='ocrx_word' id='word_1_31' title='bbox 381 664 468 729; x_wconf 89' lang='lat' dir='ltr'><strong>oeulis,</strong></span> <span class='ocrx_word' id='word_1_32' title='bbox 487 665 620 737; x_wconf 77' lang='lat' dir='ltr'><strong>caliginem</strong></span> <span class='ocrx_word' id='word_1_33' title='bbox 637 664 752 736; x_wconf 80' lang='lat' dir='ltr'>dispulit,</span> <span class='ocrx_word' id='word_1_34' title='bbox 771 670 801 721; x_wconf 92' lang='lat' dir='ltr'><strong>nt</strong></span> <span class='ocrx_word' id='word_1_35' title='bbox 819 669 905 722; x_wconf 88' lang='lat' dir='ltr'><strong>omnia</strong></span> <span class='ocrx_word' id='word_1_36' title='bbox 924 685 1024 738; x_wconf 85' lang='lat' dir='ltr'><strong>supera,</strong></span> 
     </span>
     <span class='ocr_line' id='line_1_6' title="bbox 231 739 1063 810; baseline 0.002 -16"><span class='ocrx_word' id='word_1_37' title='bbox 231 741 321 806; x_wconf 82' lang='lat' dir='ltr'><strong>infera,</strong></span> <span class='ocrx_word' id='word_1_38' title='bbox 340 740 427 810; x_wconf 86' lang='lat' dir='ltr'><strong>primu,</strong></span> <span class='ocrx_word' id='word_1_39' title='bbox 444 740 541 809; x_wconf 89' lang='lat' dir='ltr'><strong>ultima,</strong></span> <span class='ocrx_word' id='word_1_40' title='bbox 557 739 642 795; x_wconf 90' lang='lat' dir='ltr'><strong>media</strong></span> <span class='ocrx_word' id='word_1_41' title='bbox 659 740 809 797; x_wconf 86' lang='lat' dir='ltr'><strong>videremus.</strong></span> <span class='ocrx_word' id='word_1_42' title='bbox 843 744 953 798; x_wconf 86' lang='lat' dir='ltr'><strong>Prorsus</strong></span> <span class='ocrx_word' id='word_1_43' title='bbox 970 744 1063 799; x_wconf 70' lang='lat' dir='ltr'><strong>haeodt</strong></span> 
     </span>
     <span class='ocr_line' id='line_1_7' title="bbox 232 815 1023 887; baseline 0.001 -15"><span class='ocrx_word' id='word_1_44' title='bbox 232 816 318 872; x_wconf 88' lang='lat' dir='ltr'><strong>diviua</strong></span> <span class='ocrx_word' id='word_1_45' title='bbox 334 815 397 870; x_wconf 82' lang='lat' dir='ltr'><strong>milri</strong></span> <span class='ocrx_word' id='word_1_46' title='bbox 412 815 514 871; x_wconf 80' lang='lat' dir='ltr'><strong>videtur</strong></span> <span class='ocrx_word' id='word_1_47' title='bbox 531 817 579 881; x_wconf 83' lang='lat' dir='ltr'><strong>ris,</strong></span> <span class='ocrx_word' id='word_1_48' title='bbox 596 834 652 887; x_wconf 77' lang='lat' dir='ltr'><strong>qna</strong></span> <span class='ocrx_word' id='word_1_49' title='bbox 668 820 710 872; x_wconf 87' lang='lat' dir='ltr'><strong>tot</strong></span> <span class='ocrx_word' id='word_1_50' title='bbox 726 836 767 872; x_wconf 88' lang='lat' dir='ltr'><strong>res</strong></span> <span class='ocrx_word' id='word_1_51' title='bbox 779 818 870 873; x_wconf 80' lang='lat' dir='ltr'><strong>efficiat</strong></span> <span class='ocrx_word' id='word_1_52' title='bbox 886 825 913 873; x_wconf 86' lang='lat' dir='ltr'><strong>et</strong></span> <span class='ocrx_word' id='word_1_53' title='bbox 930 823 1023 873; x_wconf 82' lang='lat' dir='ltr'><strong>tantas.</strong></span> 
     </span>
     <span class='ocr_line' id='line_1_8' title="bbox 232 892 1025 965; baseline 0.005 -19"><span class='ocrx_word' id='word_1_54' title='bbox 232 892 304 954; x_wconf 80' lang='lat' dir='ltr'><strong>Quid</strong></span> <span class='ocrx_word' id='word_1_55' title='bbox 325 894 366 946; x_wconf 88' lang='lat' dir='ltr'><strong>est</strong></span> <span class='ocrx_word' id='word_1_56' title='bbox 389 892 455 946; x_wconf 87' lang='lat' dir='ltr'><strong>eninr</strong></span> <span class='ocrx_word' id='word_1_57' title='bbox 479 892 602 947; x_wconf 89' lang='lat' dir='ltr'><strong>memoria</strong></span> <span class='ocrx_word' id='word_1_58' title='bbox 623 911 709 947; x_wconf 89' lang='lat' dir='ltr'><strong>rerum</strong></span> <span class='ocrx_word' id='word_1_59' title='bbox 730 898 757 948; x_wconf 90' lang='lat' dir='ltr'><strong>et</strong></span> <span class='ocrx_word' id='word_1_60' title='bbox 780 893 934 949; x_wconf 78' lang='lat' dir='ltr'><strong>verborum?</strong></span> <span class='ocrx_word' id='word_1_61' title='bbox 964 894 1025 965; x_wconf 89' lang='lat' dir='ltr'><strong>quid</strong></span> 
     </span>
     <span class='ocr_line' id='line_1_9' title="bbox 231 968 1023 1042; baseline 0.004 -19"><span class='ocrx_word' id='word_1_62' title='bbox 231 988 308 1042; x_wconf 90' lang='lat' dir='ltr'><strong>porro</strong></span> <span class='ocrx_word' id='word_1_63' title='bbox 319 969 451 1024; x_wconf 77' lang='lat' dir='ltr'><strong>inventio?</strong></span> <span class='ocrx_word' id='word_1_64' title='bbox 476 970 597 1025; x_wconf 80' lang='lat' dir='ltr'><strong>Profecto</strong></span> <span class='ocrx_word' id='word_1_65' title='bbox 612 968 646 1035; x_wconf 86' lang='lat' dir='ltr'><strong>id,</strong></span> <span class='ocrx_word' id='word_1_66' title='bbox 659 987 710 1041; x_wconf 90' lang='lat' dir='ltr'><strong>qno</strong></span> <span class='ocrx_word' id='word_1_67' title='bbox 726 988 774 1026; x_wconf 90' lang='lat' dir='ltr'><strong>neo</strong></span> <span class='ocrx_word' id='word_1_68' title='bbox 789 971 817 1025; x_wconf 92' lang='lat' dir='ltr'><strong>in</strong></span> <span class='ocrx_word' id='word_1_69' title='bbox 828 971 876 1026; x_wconf 91' lang='lat' dir='ltr'><strong>deo</strong></span> <span class='ocrx_word' id='word_1_70' title='bbox 888 971 1023 1042; x_wconf 83' lang='lat' dir='ltr'><strong>quidquam</strong></span> 
     </span>
     <span class='ocr_line' id='line_1_10' title="bbox 231 1044 1024 1117; baseline 0.003 -17"><span class='ocrx_word' id='word_1_71' title='bbox 231 1048 314 1117; x_wconf 86' lang='lat' dir='ltr'><strong>majus</strong></span> <span class='ocrx_word' id='word_1_72' title='bbox 331 1044 440 1116; x_wconf 82' lang='lat' dir='ltr'><strong>intelligi</strong></span> <span class='ocrx_word' id='word_1_73' title='bbox 457 1050 550 1115; x_wconf 88' lang='lat' dir='ltr'><strong>potest.</strong></span> <span class='ocrx_word' id='word_1_74' title='bbox 586 1044 649 1099; x_wconf 88' lang='lat' dir='ltr'><strong>Non</strong></span> <span class='ocrx_word' id='word_1_75' title='bbox 666 1046 733 1100; x_wconf 90' lang='lat' dir='ltr'><strong>enim</strong></span> <span class='ocrx_word' id='word_1_76' title='bbox 751 1046 876 1102; x_wconf 89' lang='lat' dir='ltr'><strong>ambrosia</strong></span> <span class='ocrx_word' id='word_1_77' title='bbox 893 1047 961 1111; x_wconf 91' lang='lat' dir='ltr'><strong>deos,</strong></span> <span class='ocrx_word' id='word_1_78' title='bbox 980 1050 1024 1102; x_wconf 91' lang='lat' dir='ltr'><strong>aut</strong></span> 
     </span>
     <span class='ocr_line' id='line_1_11' title="bbox 231 1121 1024 1191; baseline 0.001 -14"><span class='ocrx_word' id='word_1_79' title='bbox 231 1127 344 1186; x_wconf 80' lang='lat' dir='ltr'><strong>nectare,</strong></span> <span class='ocrx_word' id='word_1_80' title='bbox 363 1125 408 1176; x_wconf 89' lang='lat' dir='ltr'><strong>ant</strong></span> <span class='ocrx_word' id='word_1_81' title='bbox 426 1121 560 1191; x_wconf 81' lang='lat' dir='ltr'><strong>juventate</strong></span> <span class='ocrx_word' id='word_1_82' title='bbox 577 1122 669 1191; x_wconf 84' lang='lat' dir='ltr'><strong>poeula</strong></span> <span class='ocrx_word' id='word_1_83' title='bbox 686 1122 846 1178; x_wconf 77' lang='lat' dir='ltr'><strong>ministrante</strong></span> <span class='ocrx_word' id='word_1_84' title='bbox 863 1122 944 1176; x_wconf 74' lang='lat' dir='ltr'><strong>letari</strong></span> <span class='ocrx_word' id='word_1_85' title='bbox 961 1124 1024 1178; x_wconf 86' lang='lat' dir='ltr'><strong>arbi-</strong></span> 
     </span>
     <span class='ocr_line' id='line_1_12' title="bbox 232 1197 1026 1270; baseline -0.001 -18"><span class='ocrx_word' id='word_1_86' title='bbox 232 1202 294 1263; x_wconf 89' lang='lat' dir='ltr'><strong>tror,</strong></span> <span class='ocrx_word' id='word_1_87' title='bbox 307 1216 355 1253; x_wconf 88' lang='lat' dir='ltr'><strong>nee</strong></span> <span class='ocrx_word' id='word_1_88' title='bbox 371 1198 511 1251; x_wconf 88' lang='lat' dir='ltr'><strong>Homerum</strong></span> <span class='ocrx_word' id='word_1_89' title='bbox 527 1197 610 1263; x_wconf 89' lang='lat' dir='ltr'><strong>audio,</strong></span> <span class='ocrx_word' id='word_1_90' title='bbox 628 1198 672 1270; x_wconf 86' lang='lat' dir='ltr'><strong>qni</strong></span> <span class='ocrx_word' id='word_1_91' title='bbox 689 1197 859 1269; x_wconf 68' lang='lat' dir='ltr'><strong>Ganymedem</strong></span> <span class='ocrx_word' id='word_1_92' title='bbox 878 1197 953 1251; x_wconf 84' lang='lat' dir='ltr'><strong>ediis</strong></span> <span class='ocrx_word' id='word_1_93' title='bbox 969 1216 1026 1268; x_wconf 83' lang='lat' dir='ltr'><strong>mp-</strong></span> 
     </span>
     <span class='ocr_line' id='line_1_13' title="bbox 232 1272 1024 1343; baseline 0.003 -16"><span class='ocrx_word' id='word_1_94' title='bbox 232 1278 288 1328; x_wconf 91' lang='lat' dir='ltr'><strong>tum</strong></span> <span class='ocrx_word' id='word_1_95' title='bbox 306 1273 343 1327; x_wconf 84' lang='lat' dir='ltr'><strong>ait</strong></span> <span class='ocrx_word' id='word_1_96' title='bbox 363 1277 467 1343; x_wconf 89' lang='lat' dir='ltr'><strong>propter</strong></span> <span class='ocrx_word' id='word_1_97' title='bbox 486 1272 601 1339; x_wconf 87' lang='lat' dir='ltr'><strong>formam,</strong></span> <span class='ocrx_word' id='word_1_98' title='bbox 620 1280 650 1330; x_wconf 91' lang='lat' dir='ltr'><strong>nt</strong></span> <span class='ocrx_word' id='word_1_99' title='bbox 669 1276 729 1329; x_wconf 86' lang='lat' dir='ltr'><strong>Jori</strong></span> <span class='ocrx_word' id='word_1_100' title='bbox 749 1274 834 1329; x_wconf 88' lang='lat' dir='ltr'><strong>bibere</strong></span> <span class='ocrx_word' id='word_1_101' title='bbox 855 1272 1024 1329; x_wconf 85' lang='lat' dir='ltr'><strong>ministraret:</strong></span> 
     </span>
     <span class='ocr_line' id='line_1_14' title="bbox 232 1350 1025 1420; baseline 0.003 -17"><span class='ocrx_word' id='word_1_102' title='bbox 232 1367 284 1403; x_wconf 93' lang='lat' dir='ltr'><strong>non</strong></span> <span class='ocrx_word' id='word_1_103' title='bbox 298 1350 371 1420; x_wconf 87' lang='lat' dir='ltr'><strong>justa</strong></span> <span class='ocrx_word' id='word_1_104' title='bbox 387 1366 470 1413; x_wconf 84' lang='lat' dir='ltr'><strong>eausa,</strong></span> <span class='ocrx_word' id='word_1_105' title='bbox 489 1366 535 1404; x_wconf 87' lang='lat' dir='ltr'><strong>eur</strong></span> <span class='ocrx_word' id='word_1_106' title='bbox 551 1350 721 1406; x_wconf 85' lang='lat' dir='ltr'><strong>Laomedonti</strong></span> <span class='ocrx_word' id='word_1_107' title='bbox 739 1355 812 1405; x_wconf 87' lang='lat' dir='ltr'><strong>tanta</strong></span> <span class='ocrx_word' id='word_1_108' title='bbox 831 1351 903 1405; x_wconf 87' lang='lat' dir='ltr'><strong>fieret</strong></span> <span class='ocrx_word' id='word_1_109' title='bbox 924 1350 1025 1420; x_wconf 83' lang='lat' dir='ltr'><strong>injuria.</strong></span> 
     </span>
     <span class='ocr_line' id='line_1_15' title="bbox 233 1424 1025 1495; baseline 0.001 -16"><span class='ocrx_word' id='word_1_110' title='bbox 233 1424 359 1495; x_wconf 83' lang='lat' dir='ltr'><strong>Fingebat</strong></span> <span class='ocrx_word' id='word_1_111' title='bbox 382 1424 436 1479; x_wconf 72' lang='lat' dir='ltr'><strong>hee</strong></span> <span class='ocrx_word' id='word_1_112' title='bbox 452 1424 592 1489; x_wconf 80' lang='lat' dir='ltr'><strong>Homerus,</strong></span> <span class='ocrx_word' id='word_1_113' title='bbox 612 1431 639 1481; x_wconf 91' lang='lat' dir='ltr'><strong>et</strong></span> <span class='ocrx_word' id='word_1_114' title='bbox 656 1427 767 1481; x_wconf 87' lang='lat' dir='ltr'><strong>hnmana</strong></span> <span class='ocrx_word' id='word_1_115' title='bbox 787 1426 820 1481; x_wconf 86' lang='lat' dir='ltr'><strong>ad</strong></span> <span class='ocrx_word' id='word_1_116' title='bbox 839 1426 900 1482; x_wconf 90' lang='lat' dir='ltr'><strong>deos</strong></span> <span class='ocrx_word' id='word_1_117' title='bbox 918 1426 1025 1481; x_wconf 83' lang='lat' dir='ltr'><strong>transse-</strong></span> 
     </span>
     <span class='ocr_line' id='line_1_16' title="bbox 233 1500 1025 1562; baseline 0.003 -7"><span class='ocrx_word' id='word_1_118' title='bbox 233 1501 320 1556; x_wconf 83' lang='lat' dir='ltr'><strong>rebat:</strong></span> <span class='ocrx_word' id='word_1_119' title='bbox 339 1500 425 1556; x_wconf 86' lang='lat' dir='ltr'><strong>divina</strong></span> <span class='ocrx_word' id='word_1_120' title='bbox 435 1500 534 1555; x_wconf 85' lang='lat' dir='ltr'><strong>maliem</strong></span> <span class='ocrx_word' id='word_1_121' title='bbox 546 1501 581 1555; x_wconf 92' lang='lat' dir='ltr'><strong>ad</strong></span> <span class='ocrx_word' id='word_1_122' title='bbox 592 1519 646 1555; x_wconf 87' lang='lat' dir='ltr'><strong>nos.</strong></span> <span class='ocrx_word' id='word_1_123' title='bbox 674 1502 740 1562; x_wconf 76' lang='lat' dir='ltr'><strong>Qua</strong></span> <span class='ocrx_word' id='word_1_124' title='bbox 756 1507 840 1558; x_wconf 87' lang='lat' dir='ltr'><strong>autem</strong></span> <span class='ocrx_word' id='word_1_125' title='bbox 853 1502 958 1558; x_wconf 76' lang='lat' dir='ltr'><strong>diviua?</strong></span> <span class='ocrx_word' id='word_1_126' title='bbox 979 1502 1025 1557; x_wconf 91' lang='lat' dir='ltr'><strong>Vi-</strong></span> 
     </span>
     <span class='ocr_line' id='line_1_17' title="bbox 233 1577 1025 1649; baseline 0.003 -18"><span class='ocrx_word' id='word_1_127' title='bbox 233 1595 301 1649; x_wconf 77' lang='lat' dir='ltr'><strong>gere,</strong></span> <span class='ocrx_word' id='word_1_128' title='bbox 313 1595 409 1647; x_wconf 85' lang='lat' dir='ltr'><strong>sapere,</strong></span> <span class='ocrx_word' id='word_1_129' title='bbox 422 1577 542 1644; x_wconf 86' lang='lat' dir='ltr'><strong>invenire,</strong></span> <span class='ocrx_word' id='word_1_130' title='bbox 554 1577 706 1633; x_wconf 86' lang='lat' dir='ltr'><strong>meminisse.</strong></span> <span class='ocrx_word' id='word_1_131' title='bbox 730 1579 800 1649; x_wconf 75' lang='lat' dir='ltr'><strong>Ergo</strong></span> <span class='ocrx_word' id='word_1_132' title='bbox 817 1580 922 1643; x_wconf 88' lang='lat' dir='ltr'><strong>animus,</strong></span> <span class='ocrx_word' id='word_1_133' title='bbox 935 1583 965 1633; x_wconf 92' lang='lat' dir='ltr'><strong>nt</strong></span> <span class='ocrx_word' id='word_1_134' title='bbox 977 1595 1025 1648; x_wconf 87' lang='lat' dir='ltr'><strong>ego</strong></span> 
     </span>
     <span class='ocr_line' id='line_1_18' title="bbox 234 1653 1025 1723; baseline -0.003 -14"><span class='ocrx_word' id='word_1_135' title='bbox 234 1654 298 1718; x_wconf 88' lang='lat' dir='ltr'><strong>dieo,</strong></span> <span class='ocrx_word' id='word_1_136' title='bbox 312 1653 413 1710; x_wconf 78' lang='lat' dir='ltr'><strong>divinus</strong></span> <span class='ocrx_word' id='word_1_137' title='bbox 428 1658 484 1719; x_wconf 87' lang='lat' dir='ltr'><strong>est;</strong></span> <span class='ocrx_word' id='word_1_138' title='bbox 502 1658 533 1707; x_wconf 90' lang='lat' dir='ltr'><strong>ut</strong></span> <span class='ocrx_word' id='word_1_139' title='bbox 550 1653 687 1723; x_wconf 84' lang='lat' dir='ltr'><strong>Euripides</strong></span> <span class='ocrx_word' id='word_1_140' title='bbox 704 1654 781 1709; x_wconf 87' lang='lat' dir='ltr'><strong>audet</strong></span> <span class='ocrx_word' id='word_1_141' title='bbox 797 1655 887 1719; x_wconf 90' lang='lat' dir='ltr'><strong>dioere,</strong></span> <span class='ocrx_word' id='word_1_142' title='bbox 901 1654 979 1709; x_wconf 85' lang='lat' dir='ltr'><strong>deus:</strong></span> <span class='ocrx_word' id='word_1_143' title='bbox 998 1659 1025 1708; x_wconf 91' lang='lat' dir='ltr'><strong>et</strong></span> 
     </span>
     <span class='ocr_line' id='line_1_19' title="bbox 234 1728 1024 1802; baseline -0.001 -19"><span class='ocrx_word' id='word_1_144' title='bbox 234 1729 344 1802; x_wconf 85' lang='lat' dir='ltr'><strong>quidem,</strong></span> <span class='ocrx_word' id='word_1_145' title='bbox 354 1728 448 1783; x_wconf 90' lang='lat' dir='ltr'><strong>sidens</strong></span> <span class='ocrx_word' id='word_1_146' title='bbox 459 1731 505 1783; x_wconf 89' lang='lat' dir='ltr'><strong>ant</strong></span> <span class='ocrx_word' id='word_1_147' title='bbox 516 1729 601 1783; x_wconf 89' lang='lat' dir='ltr'><strong>anima</strong></span> <span class='ocrx_word' id='word_1_148' title='bbox 609 1734 654 1784; x_wconf 89' lang='lat' dir='ltr'><strong>ant</strong></span> <span class='ocrx_word' id='word_1_149' title='bbox 665 1730 732 1800; x_wconf 81' lang='lat' dir='ltr'><strong>ignis</strong></span> <span class='ocrx_word' id='word_1_150' title='bbox 742 1734 789 1796; x_wconf 82' lang='lat' dir='ltr'><strong>est,</strong></span> <span class='ocrx_word' id='word_1_151' title='bbox 799 1730 865 1786; x_wconf 88' lang='lat' dir='ltr'><strong>idem</strong></span> <span class='ocrx_word' id='word_1_152' title='bbox 876 1734 915 1785; x_wconf 88' lang='lat' dir='ltr'><strong>est</strong></span> <span class='ocrx_word' id='word_1_153' title='bbox 927 1730 1024 1783; x_wconf 87' lang='lat' dir='ltr'><strong>animus</strong></span> 
     </span>
     <span class='ocr_line' id='line_1_20' title="bbox 234 1804 1025 1861; baseline -0.003 -1"><span class='ocrx_word' id='word_1_154' title='bbox 234 1806 350 1860; x_wconf 90' lang='lat' dir='ltr'><strong>hominis.</strong></span> <span class='ocrx_word' id='word_1_155' title='bbox 385 1805 453 1859; x_wconf 89' lang='lat' dir='ltr'><strong>Nam</strong></span> <span class='ocrx_word' id='word_1_156' title='bbox 464 1808 495 1858; x_wconf 88' lang='lat' dir='ltr'><strong>ut</strong></span> <span class='ocrx_word' id='word_1_157' title='bbox 510 1804 555 1859; x_wconf 86' lang='lat' dir='ltr'><strong>iila</strong></span> <span class='ocrx_word' id='word_1_158' title='bbox 565 1809 657 1859; x_wconf 87' lang='lat' dir='ltr'><strong>nutura</strong></span> <span class='ocrx_word' id='word_1_159' title='bbox 668 1806 775 1861; x_wconf 80' lang='lat' dir='ltr'><strong>eselestis</strong></span> <span class='ocrx_word' id='word_1_160' title='bbox 787 1811 813 1860; x_wconf 89' lang='lat' dir='ltr'><strong>et</strong></span> <span class='ocrx_word' id='word_1_161' title='bbox 830 1810 899 1861; x_wconf 87' lang='lat' dir='ltr'><strong>terra</strong></span> <span class='ocrx_word' id='word_1_162' title='bbox 910 1809 982 1859; x_wconf 80' lang='lat' dir='ltr'><strong>vacat</strong></span> <span class='ocrx_word' id='word_1_163' title='bbox 998 1808 1025 1859; x_wconf 91' lang='lat' dir='ltr'><strong>et</strong></span> 
     </span>
     <span class='ocr_line' id='line_1_21' title="bbox 234 1880 1025 1951; baseline -0.003 -16"><span class='ocrx_word' id='word_1_164' title='bbox 234 1881 347 1947; x_wconf 90' lang='lat' dir='ltr'><strong>humore,</strong></span> <span class='ocrx_word' id='word_1_165' title='bbox 365 1881 402 1936; x_wconf 86' lang='lat' dir='ltr'><strong>sie</strong></span> <span class='ocrx_word' id='word_1_166' title='bbox 419 1880 553 1951; x_wconf 87' lang='lat' dir='ltr'><strong>utriusque</strong></span> <span class='ocrx_word' id='word_1_167' title='bbox 570 1881 660 1936; x_wconf 86' lang='lat' dir='ltr'><strong>hurum</strong></span> <span class='ocrx_word' id='word_1_168' title='bbox 677 1900 761 1936; x_wconf 88' lang='lat' dir='ltr'><strong>rernm</strong></span> <span class='ocrx_word' id='word_1_169' title='bbox 779 1882 905 1936; x_wconf 86' lang='lat' dir='ltr'><strong>humanus</strong></span> <span class='ocrx_word' id='word_1_170' title='bbox 927 1881 1025 1934; x_wconf 89' lang='lat' dir='ltr'><strong>animus</strong></span> 
     </span>
     <span class='ocr_line' id='line_1_22' title="bbox 234 1954 1025 2028; baseline -0.001 -17"><span class='ocrx_word' id='word_1_171' title='bbox 234 1961 274 2011; x_wconf 86' lang='lat' dir='ltr'><strong>est</strong></span> <span class='ocrx_word' id='word_1_172' title='bbox 292 1973 391 2026; x_wconf 85' lang='lat' dir='ltr'><strong>expers.</strong></span> <span class='ocrx_word' id='word_1_173' title='bbox 426 1956 472 2010; x_wconf 82' lang='lat' dir='ltr'><strong>Sin</strong></span> <span class='ocrx_word' id='word_1_174' title='bbox 487 1961 574 2010; x_wconf 89' lang='lat' dir='ltr'><strong>autem</strong></span> <span class='ocrx_word' id='word_1_175' title='bbox 589 1959 629 2011; x_wconf 87' lang='lat' dir='ltr'><strong>est</strong></span> <span class='ocrx_word' id='word_1_176' title='bbox 646 1956 735 2028; x_wconf 84' lang='lat' dir='ltr'><strong>quinta</strong></span> <span class='ocrx_word' id='word_1_177' title='bbox 750 1955 863 2026; x_wconf 82' lang='lat' dir='ltr'><strong>quedam</strong></span> <span class='ocrx_word' id='word_1_178' title='bbox 882 1960 981 2019; x_wconf 85' lang='lat' dir='ltr'><strong>natura,</strong></span> <span class='ocrx_word' id='word_1_179' title='bbox 994 1954 1025 2010; x_wconf 89' lang='lat' dir='ltr'><strong>ab</strong></span> 
     </span>
     <span class='ocr_line' id='line_1_23' title="bbox 233 2030 1025 2102; baseline -0.004 -15"><span class='ocrx_word' id='word_1_180' title='bbox 233 2031 375 2087; x_wconf 86' lang='lat' dir='ltr'><strong>Aristotele</strong></span> <span class='ocrx_word' id='word_1_181' title='bbox 390 2031 496 2087; x_wconf 85' lang='lat' dir='ltr'><strong>induetu</strong></span> <span class='ocrx_word' id='word_1_182' title='bbox 506 2032 631 2102; x_wconf 88' lang='lat' dir='ltr'><strong>prinum:</strong></span> <span class='ocrx_word' id='word_1_183' title='bbox 650 2032 705 2088; x_wconf 85' lang='lat' dir='ltr'><strong>haee</strong></span> <span class='ocrx_word' id='word_1_184' title='bbox 716 2036 743 2087; x_wconf 89' lang='lat' dir='ltr'><strong>et</strong></span> <span class='ocrx_word' id='word_1_185' title='bbox 762 2031 867 2086; x_wconf 88' lang='lat' dir='ltr'><strong>deorum</strong></span> <span class='ocrx_word' id='word_1_186' title='bbox 878 2033 957 2085; x_wconf 88' lang='lat' dir='ltr'><strong>estet</strong></span> <span class='ocrx_word' id='word_1_187' title='bbox 973 2030 1025 2084; x_wconf 89' lang='lat' dir='ltr'><strong>ani-</strong></span> 
     </span>
     <span class='ocr_line' id='line_1_24' title="bbox 234 2126 342 2162; baseline -0.009 0"><span class='ocrx_word' id='word_1_188' title='bbox 234 2126 342 2162; x_wconf 90' lang='lat' dir='ltr'><strong>morum.</strong></span> 
     </span>
    </p>

    <p class='ocr_par' dir='ltr' id='par_1_3' title="bbox 235 2183 1063 2787">
     <span class='ocr_line' id='line_1_25' title="bbox 270 2183 1063 2253; baseline 0.004 -14"><span class='ocrx_word' id='word_1_189' title='bbox 270 2185 384 2239; x_wconf 86' lang='lat' dir='ltr'>XXVII.</span> <span class='ocrx_word' id='word_1_190' title='bbox 403 2184 481 2240; x_wconf 80' lang='lat' dir='ltr'><strong>Hane</strong></span> <span class='ocrx_word' id='word_1_191' title='bbox 492 2204 539 2241; x_wconf 92' lang='lat' dir='ltr'><strong>nos</strong></span> <span class='ocrx_word' id='word_1_192' title='bbox 550 2184 703 2241; x_wconf 87' lang='lat' dir='ltr'><strong>senteutiam</strong></span> <span class='ocrx_word' id='word_1_193' title='bbox 715 2183 804 2249; x_wconf 89' lang='lat' dir='ltr'><strong>seonti,</strong></span> <span class='ocrx_word' id='word_1_194' title='bbox 818 2183 857 2240; x_wconf 92' lang='lat' dir='ltr'><strong>his</strong></span> <span class='ocrx_word' id='word_1_195' title='bbox 870 2183 931 2253; x_wconf 87' lang='lat' dir='ltr'><strong>ipsis</strong></span> <span class='ocrx_word' id='word_1_196' title='bbox 943 2184 1026 2239; x_wconf 84' lang='lat' dir='ltr'><strong>verbis</strong></span> <span class='ocrx_word' id='word_1_197' title='bbox 1033 2195 1063 2241; x_wconf 88' lang='lat'><strong>66</strong></span> 
     </span>
     <span class='ocr_line' id='line_1_26' title="bbox 235 2260 1027 2332; baseline -0.005 -15"><span class='ocrx_word' id='word_1_198' title='bbox 235 2262 263 2317; x_wconf 92' lang='lat' dir='ltr'><strong>in</strong></span> <span class='ocrx_word' id='word_1_199' title='bbox 281 2260 453 2316; x_wconf 85' lang='lat' dir='ltr'><strong>eonsolutione</strong></span> <span class='ocrx_word' id='word_1_200' title='bbox 470 2261 525 2317; x_wconf 70' lang='lat' dir='ltr'><strong>haee</strong></span> <span class='ocrx_word' id='word_1_201' title='bbox 542 2261 719 2332; x_wconf 85' lang='lat' dir='ltr'><strong>expressimus.</strong></span> <span class='ocrx_word' id='word_1_202' title='bbox 756 2262 935 2315; x_wconf 77' lang='lat' dir='ltr'><strong>“Animorum</strong></span> <span class='ocrx_word' id='word_1_203' title='bbox 950 2262 1027 2313; x_wconf 80' lang='lat' dir='ltr'><strong>nulla</strong></span> 
     </span>
     <span class='ocr_line' id='line_1_27' title="bbox 235 2336 1027 2408; baseline -0.004 -16"><span class='ocrx_word' id='word_1_204' title='bbox 235 2342 267 2392; x_wconf 78' lang='lat' dir='ltr'><strong>in</strong></span> <span class='ocrx_word' id='word_1_205' title='bbox 278 2340 356 2392; x_wconf 76' lang='lat' dir='ltr'><strong>terris</strong></span> <span class='ocrx_word' id='word_1_206' title='bbox 367 2338 440 2407; x_wconf 72' lang='lat' dir='ltr'><strong>oriqo</strong></span> <span class='ocrx_word' id='word_1_207' title='bbox 453 2338 570 2392; x_wconf 74' lang='lat' dir='ltr'><strong>inveniri</strong></span> <span class='ocrx_word' id='word_1_208' title='bbox 583 2346 672 2408; x_wconf 80' lang='lat' dir='ltr'><strong>petest.</strong></span> <span class='ocrx_word' id='word_1_209' title='bbox 707 2336 787 2391; x_wconf 75' lang='lat' dir='ltr'><strong>Nihil</strong></span> <span class='ocrx_word' id='word_1_210' title='bbox 798 2337 869 2390; x_wconf 78' lang='lat' dir='ltr'><strong>emim</strong></span> <span class='ocrx_word' id='word_1_211' title='bbox 879 2346 914 2390; x_wconf 79' lang='lat' dir='ltr'><strong>ert</strong></span> <span class='ocrx_word' id='word_1_212' title='bbox 926 2336 957 2388; x_wconf 76' lang='lat' dir='ltr'><strong>ier</strong></span> <span class='ocrx_word' id='word_1_213' title='bbox 968 2339 1027 2389; x_wconf 79' lang='lat' dir='ltr'><strong>ami·</strong></span> 
     </span>
     <span class='ocr_line' id='line_1_28' title="bbox 235 2411 1028 2483; baseline -0.003 -18"><span class='ocrx_word' id='word_1_214' title='bbox 235 2415 286 2467; x_wconf 74' lang='lat' dir='ltr'><strong>mis</strong></span> <span class='ocrx_word' id='word_1_215' title='bbox 298 2413 415 2466; x_wconf 74' lang='lat' dir='ltr'><strong>mistum</strong></span> <span class='ocrx_word' id='word_1_216' title='bbox 425 2421 502 2483; x_wconf 73' lang='lat' dir='ltr'><strong>atque</strong></span> <span class='ocrx_word' id='word_1_217' title='bbox 513 2423 664 2475; x_wconf 71' lang='lat' dir='ltr'><strong>commotum,</strong></span> <span class='ocrx_word' id='word_1_218' title='bbox 673 2422 720 2466; x_wconf 70' lang='lat' dir='ltr'><strong>aar</strong></span> <span class='ocrx_word' id='word_1_219' title='bbox 731 2411 800 2482; x_wconf 77' lang='lat' dir='ltr'><strong>quod</strong></span> <span class='ocrx_word' id='word_1_220' title='bbox 810 2429 842 2465; x_wconf 72' lang='lat' dir='ltr'><strong>ee</strong></span> <span class='ocrx_word' id='word_1_221' title='bbox 854 2420 922 2465; x_wconf 71' lang='lat' dir='ltr'><strong>terra</strong></span> <span class='ocrx_word' id='word_1_222' title='bbox 934 2420 1028 2465; x_wconf 80' lang='lat' dir='ltr'><strong>matum</strong></span> 
     </span>
     <span class='ocr_line' id='line_1_29' title="bbox 235 2486 1028 2559; baseline -0.004 -18"><span class='ocrx_word' id='word_1_223' title='bbox 235 2489 410 2559; x_wconf 76' lang='lat' dir='ltr'><strong>atquefictum</strong></span> <span class='ocrx_word' id='word_1_224' title='bbox 420 2506 471 2542; x_wconf 79' lang='lat' dir='ltr'><strong>ease</strong></span> <span class='ocrx_word' id='word_1_225' title='bbox 481 2489 619 2543; x_wconf 74' lang='lat' dir='ltr'><strong>uideatw:</strong></span> <span class='ocrx_word' id='word_1_226' title='bbox 637 2487 709 2541; x_wconf 75' lang='lat' dir='ltr'><strong>mihil</strong></span> <span class='ocrx_word' id='word_1_227' title='bbox 723 2505 755 2540; x_wconf 79' lang='lat' dir='ltr'><strong>ne</strong></span> <span class='ocrx_word' id='word_1_228' title='bbox 766 2496 813 2539; x_wconf 77' lang='lat' dir='ltr'><strong>aut</strong></span> <span class='ocrx_word' id='word_1_229' title='bbox 824 2486 960 2539; x_wconf 76' lang='lat' dir='ltr'><strong>tumidum</strong></span> <span class='ocrx_word' id='word_1_230' title='bbox 971 2489 1028 2555; x_wconf 81' lang='lat' dir='ltr'><strong>qei-</strong></span> 
     </span>
     <span class='ocr_line' id='line_1_30' title="bbox 235 2560 1029 2632; baseline -0.008 -15"><span class='ocrx_word' id='word_1_231' title='bbox 235 2564 301 2629; x_wconf 82' lang='lat' dir='ltr'><strong>dem,</strong></span> <span class='ocrx_word' id='word_1_232' title='bbox 312 2573 358 2617; x_wconf 82' lang='lat' dir='ltr'><strong>aut</strong></span> <span class='ocrx_word' id='word_1_233' title='bbox 362 2563 457 2632; x_wconf 69' lang='lat' dir='ltr'><strong>nobile</strong></span> <span class='ocrx_word' id='word_1_234' title='bbox 467 2573 515 2617; x_wconf 77' lang='lat' dir='ltr'><strong>aut</strong></span> <span class='ocrx_word' id='word_1_235' title='bbox 526 2565 640 2632; x_wconf 67' lang='lat' dir='ltr'><strong>iquorem.</strong></span> <span class='ocrx_word' id='word_1_236' title='bbox 665 2563 717 2615; x_wconf 83' lang='lat' dir='ltr'><strong>His</strong></span> <span class='ocrx_word' id='word_1_237' title='bbox 725 2564 795 2615; x_wconf 74' lang='lat' dir='ltr'><strong>raim</strong></span> <span class='ocrx_word' id='word_1_238' title='bbox 807 2564 838 2614; x_wconf 81' lang='grc' dir='ltr'><strong>ιἰι</strong></span> <span class='ocrx_word' id='word_1_239' title='bbox 849 2562 948 2615; x_wconf 75' lang='lat' dir='ltr'><strong>notarie</strong></span> <span class='ocrx_word' id='word_1_240' title='bbox 957 2560 1029 2613; x_wconf 78' lang='lat' dir='ltr'><strong>nidd</strong></span> 
     </span>
     <span class='ocr_line' id='line_1_31' title="bbox 236 2635 1026 2709; baseline -0.009 -16"><span class='ocrx_word' id='word_1_241' title='bbox 236 2643 310 2704; x_wconf 72' lang='lat' dir='ltr'><strong>ima,</strong></span> <span class='ocrx_word' id='word_1_242' title='bbox 328 2638 399 2709; x_wconf 74' lang='lat' dir='ltr'><strong>quod</strong></span> <span class='ocrx_word' id='word_1_243' title='bbox 414 2642 468 2692; x_wconf 81' lang='lat' dir='ltr'><strong>eim</strong></span> <span class='ocrx_word' id='word_1_244' title='bbox 485 2640 618 2704; x_wconf 67' lang='lat' dir='ltr'><strong>numeriae,</strong></span> <span class='ocrx_word' id='word_1_245' title='bbox 636 2639 730 2699; x_wconf 77' lang='lat' dir='ltr'><strong>mentis,</strong></span> <span class='ocrx_word' id='word_1_246' title='bbox 749 2637 911 2706; x_wconf 50' lang='lat' dir='ltr'><strong>comitatiorem</strong></span> <span class='ocrx_word' id='word_1_247' title='bbox 931 2635 1026 2696; x_wconf 74' lang='lat' dir='ltr'><strong>habeat,</strong></span> 
     </span>
     <span class='ocr_line' id='line_1_32' title="bbox 236 2710 1039 2787; baseline -0.015 -20"><span class='ocrx_word' id='word_1_248' title='bbox 236 2714 308 2787; x_wconf 79' lang='lat' dir='ltr'><strong>quod</strong></span> <span class='ocrx_word' id='word_1_249' title='bbox 327 2724 350 2767; x_wconf 79' lang='lat' dir='ltr'><strong>et</strong></span> <span class='ocrx_word' id='word_1_250' title='bbox 368 2716 500 2783; x_wconf 74' lang='lat' dir='ltr'><strong>preterita</strong></span> <span class='ocrx_word' id='word_1_251' title='bbox 520 2722 599 2766; x_wconf 63' lang='lat' dir='ltr'><strong>anem</strong></span> <span class='ocrx_word' id='word_1_252' title='bbox 618 2721 640 2765; x_wconf 79' lang='lat' dir='ltr'><strong>et</strong></span> <span class='ocrx_word' id='word_1_253' title='bbox 652 2715 750 2782; x_wconf 79' lang='lat' dir='ltr'><strong>sutura</strong></span> <span class='ocrx_word' id='word_1_254' title='bbox 771 2710 906 2781; x_wconf 72' lang='lat' dir='ltr'><strong>provideat</strong></span> <span class='ocrx_word' id='word_1_255' title='bbox 925 2718 950 2761; x_wconf 82' lang='lat' dir='ltr'><strong>et</strong></span> <span class='ocrx_word' id='word_1_256' title='bbox 970 2725 1039 2758; x_wconf 77' lang='lat' dir='ltr'><strong>eom-</strong></span> 
     </span>
    </p>
   </div>
   <div class='ocr_carea' id='block_1_3' title="bbox 233 2780 1087 2931">
    <p class='ocr_par' dir='ltr' id='par_1_4' title="bbox 235 2780 1087 2931">
     <span class='ocr_line' id='line_1_33' title="bbox 235 2780 1062 2861; baseline -0.03 -7"><span class='ocrx_word' id='word_1_257' title='bbox 235 2790 316 2860; x_wconf 66' lang='lat' dir='ltr'><strong>Plem</strong></span> <span class='ocrx_word' id='word_1_258' title='bbox 329 2791 407 2857; x_wconf 65' lang='lat' dir='ltr'><strong>pmii</strong></span> <span class='ocrx_word' id='word_1_259' title='bbox 420 2790 580 2855; x_wconf 61' lang='lat' dir='ltr'><strong>mmm-⁶</strong></span> <span class='ocrx_word' id='word_1_260' title='bbox 599 2806 657 2861; x_wconf 69' lang='lat' dir='ltr'><strong>quae</strong></span> <span class='ocrx_word' id='word_1_261' title='bbox 675 2790 732 2844; x_wconf 80' lang='lat' dir='ltr'><strong>uolo</strong></span> <span class='ocrx_word' id='word_1_262' title='bbox 750 2788 852 2843; x_wconf 69' lang='lat' dir='ltr'><strong>dimna</strong></span> <span class='ocrx_word' id='word_1_263' title='bbox 864 2788 944 2845; x_wconf 74' lang='lat' dir='ltr'><strong>auset</strong></span> <span class='ocrx_word' id='word_1_264' title='bbox 953 2795 1005 2830; x_wconf 74' lang='lat' dir='ltr'><strong>meo</strong></span> <span class='ocrx_word' id='word_1_265' title='bbox 1015 2780 1062 2827; x_wconf 61' lang='lat' dir='ltr'><strong>iuu-</strong></span> 
     </span>
     <span class='ocr_line' id='line_1_34' title="bbox 233 2842 1087 2931; baseline -0.05 5.277"><span class='ocrx_word' id='word_1_266' title='bbox 233 2865 348 2917; x_wconf 56' lang='lat' dir='ltr'><strong>mum&#39;</strong></span> <span class='ocrx_word' id='word_1_267' title='bbox 358 2879 488 2931; x_wconf 76' lang='lat' dir='ltr'><strong>umquam,</strong></span> <span class='ocrx_word' id='word_1_268' title='bbox 504 2866 571 2921; x_wconf 74' lang='lat' dir='ltr'><strong>unde</strong></span> <span class='ocrx_word' id='word_1_269' title='bbox 584 2867 623 2923; x_wconf 82' lang='lat' dir='ltr'><strong>ad</strong></span> <span class='ocrx_word' id='word_1_270' title='bbox 633 2864 882 2924; x_wconf 67' lang='lat' dir='ltr'><strong>homimmeeeire</strong></span> <span class='ocrx_word' id='word_1_271' title='bbox 896 2853 1012 2929; x_wconf 68' lang='lat' dir='ltr'><strong>possiem</strong></span> <span class='ocrx_word' id='word_1_272' title='bbox 1021 2842 1087 2896; x_wconf 56' lang='lat' dir='ltr'><strong>morit</strong></span> 
     </span>
    </p>
   </div>
   <div class='ocr_carea' id='block_1_4' title="bbox 0 0 1328 3367">
    <p class='ocr_par' dir='ltr' id='par_1_5' title="bbox 0 0 1328 3367">
     <span class='ocr_line' id='line_1_35' title="bbox 0 0 1328 3367; baseline 0 0"><span class='ocrx_word' id='word_1_273' title='bbox 0 0 1328 3367; x_wconf 95' lang='lat' dir='ltr'><strong> </strong></span> 
     </span>
    </p>
   </div>
  </div>
 </body>
</html>
