2634 3367
519 347 587 395 LlB.
606 348 626 395 l.
646 346 720 394 cAP.
739 348 777 396 ⁴9.
1012 351 1040 397 el

247 458 426 512 conniventem
438 474 527 510 somno
536 456 662 527 oonsopiri
675 456 848 527 sempiterno?
868 456 945 515 Quod
955 455 976 511 si
989 457 1041 523 tint,

247 536 338 589 melior
348 534 433 598 Ennii,
447 551 521 603 quam
535 532 633 587 Solonis
645 533 736 588 oratio.
772 533 825 587 Hie
837 533 903 587 euim
916 537 1011 599 noster,

316 624 396 670 Nemo
407 638 446 670 me
458 622 572 670 lacrumis
584 622 685 679 decoret,
697 626 780 684 inquit,
792 638 836 670 ner
846 622 932 671 lunera
942 623 1000 671 fletu

344 694 412 740 laxit.

246 770 284 823 At
297 785 358 821 vero
371 766 472 837 sepiem
484 766 535 831 ille,

312 850 382 898 Mors
398 866 452 898 mea
466 866 497 897 ne
513 859 591 898 eareat
605 850 736 898 lacrumis:
757 850 896 913 linquamus
913 850 998 898 amicis

344 936 480 977 merorem,
492 930 520 968 ut
531 922 650 968 eelebrent
662 921 747 968 iuuere
758 936 813 968 eum
826 922 926 983 gemitu.

246 1002 306 1057 Nos
329 1019 396 1065 vero,
422 1002 444 1056 si
468 1000 530 1073 quid
553 1002 605 1056 tsle
629 1000 756 1068 acciderit,
781 1006 810 1057 ut
833 1021 849 1057 u
872 1002 920 1057 deo
945 1002 1098 1058 denum-118

245 1078 341 1131 tiutum
361 1077 484 1142 videatur,
507 1084 537 1132 ut
557 1097 676 1132 exeamus
697 1096 711 1132 e
732 1077 793 1141 vite,
816 1076 868 1132 laeti
888 1081 915 1131 et
936 1082 1041 1145 ugentes

246 1153 344 1224 gratias
364 1172 505 1224 pareamus,
528 1154 661 1223 emittique
682 1172 728 1208 nos
746 1171 761 1207 e
782 1152 898 1208 custodia
917 1156 943 1207 et
964 1153 1042 1208 levari

246 1228 356 1283 vinculis
368 1229 526 1295 arbitremur,
540 1234 570 1285 ut
582 1236 627 1285 ant
644 1230 672 1283 in
684 1235 803 1284 eternum
816 1232 843 1282 et
859 1228 933 1298 plane
945 1228 972 1283 in
983 1247 1042 1283 nos·

246 1313 314 1358 tram
331 1303 432 1358 domum
449 1306 624 1376 remigremus,
637 1311 683 1360 aut
699 1305 767 1359 omni
783 1323 858 1359 sensu
875 1304 1041 1376 molestiaque

246 1398 393 1435 careamus:
418 1380 458 1435 siu
482 1388 567 1436 autem
591 1380 654 1436 nibil
678 1379 877 1446 denuntiabitur,
902 1399 932 1435 eo
955 1385 1041 1436 tamen

246 1457 330 1511 simus
353 1456 444 1521 auimo,
468 1462 499 1512 ut
526 1456 670 1512 horribilem
695 1458 766 1512 illum
790 1456 855 1512 diem
881 1456 943 1522 aliis,
968 1456 1041 1512 uobis

246 1533 362 1586 faustum
375 1535 510 1602 putemns;
529 1533 641 1605 mbilque
657 1534 685 1588 in
697 1533 768 1588 malis
780 1533 910 1595 ducamus,
923 1532 990 1604 quod
1007 1534 1041 1587 sit

246 1607 289 1663 vel
308 1626 323 1662 a
341 1607 388 1662 diis
406 1608 590 1664 immortalibus
609 1609 648 1663 vel
667 1614 790 1664 enatura
807 1613 911 1681 parente
928 1610 1040 1664 omnium

246 1684 344 1739 constit
362 1688 426 1738 tum.
463 1684 524 1739 Nou
544 1685 610 1740 euim
629 1690 725 1741 temere
745 1704 793 1741 nee
813 1686 921 1741 fortuito
943 1686 993 1740 sati
1013 1692 1041 1740 et

246 1760 330 1816 creati
340 1778 438 1824 sumus,
449 1760 495 1815 sed
508 1761 621 1831 prolecto
634 1760 684 1816 init
700 1762 814 1833 quaedam
827 1762 873 1829 vis,
885 1779 942 1833 quae
954 1760 1041 1833 generi

246 1835 392 1891 consuleret
410 1836 529 1904 humano,
547 1855 594 1892 nee
612 1837 638 1891 id
660 1837 778 1909 gigneret
796 1845 841 1892 sut
858 1837 946 1902 aleret,
963 1836 1039 1907 quod,

246 1930 327 1983 quum
350 1911 531 1968 exantlavisset
554 1931 642 1968 omnes
663 1913 769 1979 labores,
792 1919 848 1968 tum
869 1912 990 1967 incideret
1014 1912 1041 1966 iu

246 1989 338 2044 mortis
358 1989 451 2043 malum
471 1990 669 2061 sempiternum:
693 1995 796 2061 portum
817 1989 903 2060 potius
924 1992 1039 2059 peratum

245 2065 321 2120 uobis
334 2068 361 2119 et
376 2065 522 2137 perfugium
538 2078 665 2136 putemus.
703 2067 759 2131 Quo
770 2065 868 2119 utinam
882 2063 944 2119 velis
960 2064 1040 2135 passis
1051 2074 1096 2122 119

245 2141 355 2212 pervehi
366 2141 457 2195 liceat!
477 2143 523 2196 Sin
534 2141 683 2197 reflantibus
696 2141 779 2197 ventis
793 2140 942 2211 rejiciemur,
956 2145 1042 2196 tamen

246 2216 338 2272 eodem
361 2216 446 2288 paullo
469 2217 568 2273 tardius
592 2218 732 2273 referamur
754 2234 857 2272 neeesse
881 2222 929 2272 est.
967 2218 1041 2283 Quod

245 2292 334 2347 eutem
359 2291 475 2347 omuibus
499 2312 603 2349 neeesse
623 2297 672 2363 est,
695 2292 754 2348 idue
777 2294 895 2349 miserum
917 2312 973 2349 esse
996 2294 1041 2349 uui

245 2372 334 2439 potest
342 2368 479 2423 l-Hebes
497 2370 632 2441 epilogum,
651 2388 684 2425 ne
702 2370 763 2441 quid
780 2370 977 2442 pretermissum
996 2375 1041 2426 aut

245 2444 366 2499 relietum
383 2448 468 2514 putes.
505 2447 536 2500 A.
548 2446 605 2517 Ego
624 2464 698 2501 vero:
721 2451 748 2501 et
766 2447 866 2518 quidem
884 2447 945 2503 feeit
964 2447 1040 2501 etiam

245 2522 298 2576 iste
310 2538 351 2575 me
363 2520 478 2593 epilogus
491 2522 633 2576 firmiorem.
669 2522 707 2576 M.
721 2523 831 2593 Optime,
843 2523 953 2595 inquam.
990 2522 1041 2577 Sed

245 2614 317 2653 uuno
329 2596 431 2666 quidem
444 2597 584 2653 valetudini
595 2596 738 2653 tribuamus
750 2597 858 2669 aliquid:
878 2616 934 2653 erss
946 2603 1040 2662 autem,

245 2676 274 2728 et
293 2676 357 2743 quot
373 2671 427 2728 dies
443 2673 536 2728 erimus
553 2674 580 2729 iu
597 2674 749 2739 Tusculano,
766 2692 871 2746 agamus
886 2674 951 2736 haee,
968 2676 997 2725 et
1011 2689 1047 2723 eu

246 2750 417 2820 potissimum,
431 2768 487 2821 quae
502 2750 655 2807 levationem
667 2750 783 2809 babeant
794 2744 1065 2824 egritudinum,lor-

244 2825 372 2887 uridmnm,
386 2825 574 2895 cupiditatum:
592 2830 641 2903 qui
650 2832 728 2889 omni
736 2850 751 2889 e
760 2824 944 2905 pbilosoplim
953 2822 999 2870 suu
1008 2812 1087 2863 irne-

233 2905 278 2949 tus
288 2897 437 2954 ubem'mua.
483 2901 485 2905 ’
