2634 3367
330 337 376 386 160
466 332 983 383 insessammssunaulonum

290 458 320 504 15
363 446 414 501 VI.
433 445 472 500 M.
484 443 568 498 Facile
589 444 720 512 patiente
737 443 788 498 isto
806 441 883 497 modo
899 460 993 513 agere:
1011 444 1064 499 etsi
1080 444 1120 499 ini·

329 540 407 594 quum
420 526 460 576 est
472 518 633 590 praescribere
647 519 709 575 mihi
720 525 755 587 te,
767 518 980 590 quemadmodum
992 538 1009 574 a
1020 538 1063 575 me
1075 520 1122 575 dis-

329 598 415 670 putari
426 596 496 652 velis.
534 595 585 651 Sed
605 601 804 667 querentium
825 594 920 666 aliquid
940 599 1029 650 aetum
1050 614 1122 667 supe-

329 673 437 729 rioribus
453 671 550 739 diebus,
567 690 599 725 an
616 672 680 727 nihil
699 671 858 727 abitremuri
896 672 927 725 Δ.
947 671 1044 727 Actum
1056 690 1121 737 vem,

329 756 356 806 et
368 750 525 819 aliquantum
538 748 648 820 quidem.
683 748 722 803 M.
739 748 827 819 Atqui,
841 747 863 802 si
874 747 913 801 ita
928 751 977 813 ast,
990 748 1123 819 pmfligata

326 826 378 897 jam
397 825 452 880 haee
468 830 495 880 et
511 843 582 896 paene
600 824 632 879 ad
649 826 746 880 exitum
765 824 875 879 adducta
886 824 997 895 quaetio
1009 829 1059 879 est.
1094 827 1123 878 rt

331 904 387 967 Quo
398 901 501 956 tandem
513 900 609 956 modol’
644 901 683 956 M.
703 900 773 960 Quia
788 904 874 955 mutus
886 899 1031 955 turbulenti
1046 900 1123 971 jacta·

329 976 462 1049 tionesque
482 978 623 1032 animorum
643 978 754 1033 incitata
772 981 799 1032 et
816 977 915 1047 impetu
935 975 1123 1031 insonsiderato

330 1052 410 1118 eluta,
423 1053 546 1109 rationem
564 1071 663 1108 omnem
682 1053 840 1124 repellentes,
853 1053 913 1107 vitae
931 1052 1014 1107 beate
1029 1052 1123 1107 nullam

330 1134 428 1199 partem
440 1131 594 1200 relinquunt.
632 1128 698 1189 Quis
711 1129 778 1184 enim
789 1132 883 1199 potest,
895 1132 1007 1183 mortem
1022 1134 1069 1183 aut
1081 1128 1122 1182 do·

329 1204 408 1261 larem
429 1212 553 1271 metuens,
572 1224 681 1278 quornm
698 1205 806 1261 alterum
823 1222 890 1275 soepe
914 1203 996 1273 adest,
1016 1204 1122 1260 alterum

330 1300 429 1354 semper
452 1282 588 1354 impendet,
606 1300 663 1337 esse
686 1299 738 1336 non
760 1281 855 1336 miseri
893 1280 984 1339 Quid?
1011 1280 1035 1338 si
1058 1280 1122 1336 idem

332 1358 413 1428 (quod
432 1358 581 1429 plerumque
602 1358 642 1427 lit)
663 1361 846 1428 paupertatem,
868 1356 1042 1428 ignonimiam,
1063 1356 1122 1411 inia-

330 1436 406 1490 miam
418 1437 499 1503 timet,
511 1436 534 1491 si
550 1435 713 1501 debilitatem,
726 1435 873 1499 uanitatem,
887 1434 909 1489 si
925 1433 1044 1506 denique,
1058 1431 1123 1506 quod

330 1528 382 1565 non
403 1511 509 1582 singulis
529 1512 682 1580 hominibus,
700 1513 746 1566 sed
766 1510 914 1581 potentibus
935 1510 1037 1581 populis
1059 1526 1122 1581 sape

331 1586 446 1656 contigit,
463 1586 630 1641 servitutem:
649 1592 735 1657 potest
752 1606 783 1643 ea
799 1588 892 1642 timens
913 1604 969 1641 esse
990 1586 1122 1658 quisquam

293 1672 322 1718 16
330 1662 442 1717 beatus?
478 1662 566 1728 Quid?
586 1663 630 1733 qui
647 1682 699 1717 non
715 1664 789 1718 modo
802 1682 832 1718 ea
842 1664 931 1717 futura
942 1662 1025 1731 timet,
1037 1680 1123 1717 reram

331 1739 407 1794 etiam
420 1738 470 1794 fert
490 1740 651 1809 sustinetque
669 1741 823 1810 prasentia?
842 1738 906 1794 adde
924 1738 1014 1795 eodem
1028 1739 1121 1803 exsilia

330 1814 424 1881 luctus,
434 1814 574 1871 orbitates:
593 1816 637 1886 qui
646 1816 722 1871 rebus
734 1817 774 1872 his
783 1816 880 1871 fractus
892 1815 1045 1884 egritudine
1057 1813 1122 1871 elidi·

331 1896 382 1957 tur,
395 1895 481 1962 potest
493 1891 594 1947 tandem
607 1910 663 1947 esse
679 1910 731 1947 non
746 1892 922 1948 miserrimus?
958 1890 1031 1951 Quid
1044 1889 1122 1947 vero?

331 2062 397 2111 mus,
410 2045 494 2099 omnia
511 2045 597 2100 rabide
615 2049 777 2115 appetentem
793 2062 850 2099 eum
868 2042 1014 2113 inexplebili
1026 2042 1123 2115 cupidi·

331 2124 394 2186 tate,
406 2138 506 2192 quoque
525 2121 668 2176 affluentius
685 2120 828 2190 voluptates
845 2118 957 2189 undique
973 2119 1084 2184 hauriat,
1096 2134 1125 2173 ea

332 2196 435 2266 gravius
452 2197 633 2269 ardentiusque
657 2197 796 2259 sitientem,
816 2212 900 2250 nonne
923 2198 994 2249 reete
1012 2195 1124 2250 miserri-

331 2289 403 2325 mum
425 2272 538 2327 dixeris?
584 2271 675 2332 Quid?
707 2271 789 2327 elatus
814 2271 856 2326 ille
879 2270 984 2325 levitate
1006 2270 1126 2343 inanique

332 2346 422 2401 laetitia
439 2348 569 2402 exsultans
587 2353 614 2403 et
632 2351 728 2403 temere
746 2348 858 2418 gestiens
870 2365 953 2401 nonne
965 2350 1040 2402 tanto
1053 2349 1127 2403 mise·

332 2423 391 2491 rior,
404 2427 499 2491 quanto
517 2423 565 2478 sibi
577 2424 679 2478 videtur
691 2424 809 2479 beatior?
845 2424 923 2494 Erga,
936 2426 967 2476 ut
985 2422 1013 2477 hi
1031 2424 1126 2489 miseri,

333 2498 370 2553 sie
390 2502 480 2553 eontra
496 2497 533 2553 illi
556 2498 632 2567 beati,
651 2518 714 2569 quos
739 2499 802 2553 nulli
824 2504 907 2553 metus
925 2501 1030 2564 terrent,
1052 2500 1128 2555 nulla

333 2574 496 2645 agritudines
520 2575 642 2638 exedunt,
666 2575 741 2630 nullae
769 2574 885 2630 libidines
909 2574 1027 2639 inuitant,
1052 2576 1128 2631 nulla

333 2651 420 2706 futiles
431 2651 528 2707 laetitiae
540 2652 698 2707 exsultantes
717 2651 844 2721 languidis
861 2650 1027 2722 liquefaciunt
1039 2652 1128 2723 volup-

333 2727 437 2783 tatibus.
474 2729 513 2784 Ut
524 2729 599 2783 maris
611 2729 691 2800 igitur
703 2727 873 2798 tranquillitas
885 2726 1045 2797 intelligitur,
1059 2728 1129 2783 nulla

316 2822 353 2859 me
363 2807 474 2866 minima
487 2806 592 2885 quidem
605 2827 670 2865 aura
680 2806 777 2865 duetus
795 2808 986 2859 summuuente:
1002 2803 1041 2857 siu
1051 2804 1129 2859 annui

303 2884 415 2953 dffl'etus
435 2896 468 2950 at
484 2892 613 2969 placatus
634 2896 727 2951 status
747 2884 967 2951 eermtur,qumu
983 2877 1144 2943 pensabatis
