2634 3367
470 351 538 402 LIB.
552 352 596 401 IV.
615 352 690 399 CAP.
704 352 804 399 18-20.
983 347 1028 399 185

238 461 353 525 Quorum
371 461 411 514 est
430 460 489 514 talis
508 460 597 515 oratio.
633 461 747 514 Primum
768 458 856 513 multis
876 459 960 514 verbis
981 460 1030 514 ira·

236 536 355 590 cundiam
386 535 504 590 laudaut:
542 540 625 590 cotem
653 535 810 590 fortitudinis
840 552 896 589 esse
925 535 1028 602 dicunt;

236 612 368 682 multoque
387 616 413 665 ct
433 613 460 665 in
480 612 578 665 hostem
598 615 624 665 et
645 612 672 665 in
692 611 833 682 improbum
854 612 934 666 civem
955 612 1047 667 veho·-

236 688 374 741 mentiores
394 687 516 741 iratorum
540 688 650 757 impetus
675 705 744 742 esse:
775 687 842 742 leves
863 691 947 742 autem
969 687 1029 741 rati-

236 763 342 817 unculas
366 781 461 827 eorum,
482 762 525 832 qui
549 764 585 816 ita
608 762 765 833 cogitarent3
792 763 905 834 pralium
930 768 1028 818 rectum

235 846 276 892 est
293 839 342 893 hoc
358 839 426 903 berh
448 838 565 892 convenit
581 837 699 893 dimicare
715 856 761 909 pro
778 838 884 909 legibus,
897 857 943 909 pro
955 838 1030 894 liber-

235 919 298 981 tate,
321 932 369 983 pro
392 914 482 983 patrie.
518 914 583 968 Haeo
606 914 700 967 nnllam
725 914 897 979 habent‘vim,
919 914 968 969 nisi
991 916 1029 969 ira

236 989 373 1044 excanduit
390 989 523 1043 fortitudo.
559 989 616 1043 Neo
634 1007 694 1043 vero
712 989 743 1043 de
763 989 926 1045 bellatoribus
946 991 1027 1045 solum

236 1065 377 1135 disputant.
413 1064 525 1133 Imperia
548 1065 675 1119 severiora
698 1065 767 1119 nulle
787 1084 843 1120 esse
864 1071 955 1135 putant
975 1067 1028 1121 sine

236 1142 321 1211 aliqua
335 1140 481 1199 ,acerbitate
504 1140 659 1195 iracundiae:
696 1146 821 1195 oratorem
845 1141 953 1211 denique
977 1160 1029 1197 non

236 1216 312 1270 modo
324 1220 492 1279 accusantem,
505 1214 551 1269 sed
567 1234 599 1269 ne
616 1215 792 1270 defendentem
805 1215 905 1286 quidem
921 1216 1028 1287 probant

236 1293 292 1346 sine
305 1291 399 1346 aculeis
416 1290 558 1346 iracundia.
594 1292 657 1356 Qua
669 1292 743 1346 etiarn
758 1292 779 1345 si
795 1310 846 1345 non
858 1290 932 1357 adsit,
944 1296 1029 1346 tamen

235 1368 321 1422 verbis
334 1371 411 1437 atque
424 1371 498 1421 motu
509 1366 676 1422 simulandam
688 1367 851 1432 arbitrantur,
865 1373 894 1422 ut
907 1367 1028 1423 auditoris

235 1444 300 1497 iram
321 1443 429 1497 oratoris
453 1443 571 1497 incendat
595 1443 669 1498 actio.
705 1443 796 1497 Virum
821 1443 930 1514 denique
950 1442 1030 1498 rideri

235 1523 340 1590 negant,
354 1519 397 1590 qui
408 1518 483 1573 irasci
494 1520 605 1573 nesciat:
624 1537 737 1589 eamque,
750 1538 823 1590 quam
841 1520 970 1574 lenitatem
982 1537 1028 1574 nos

236 1595 354 1657 dicimus,
379 1595 471 1649 vitioso
494 1594 653 1649 lentitudinis
679 1595 780 1650 nomine
803 1596 936 1665 appellant.
973 1596 1068 1651 Neela

235 1689 298 1727 vero
316 1671 396 1724 solum
417 1670 483 1725 hanc
500 1670 629 1725 libidinem
648 1671 759 1735 laudant,
780 1673 830 1740 (est
851 1672 980 1737 ammira,
998 1677 1029 1726 ut

235 1746 313 1801 modo
325 1746 434 1810 definivi,
447 1746 584 1800 ulciscendi
600 1745 697 1816 libido)
711 1747 755 1801 sed
772 1747 853 1817 ipsum
870 1747 932 1801 illud
948 1766 1029 1818 genus

237 1823 278 1879 vel
289 1822 401 1876 libidinis
413 1822 452 1875 vel
471 1821 617 1891 cupiditatis
636 1822 667 1876 ad
681 1840 803 1876 summam
821 1823 959 1877 utilitatem
973 1840 1029 1878 esse

236 1898 327 1953 dicunt
348 1916 364 1952 a
383 1901 475 1951 natura
495 1897 597 1951 datum:
627 1898 690 1951 nihil
713 1898 780 1951 enim
801 1916 959 1969 quemquam,
981 1899 1029 1952 nisi

221 1974 305 2045 'quod
324 1973 409 2038 libeat,
424 1974 542 2043 praeclare
561 1974 642 2027 lacere
662 1991 742 2043 posse.
780 1973 867 2027 Noctu
885 1973 1028 2028 ambulabat

235 2052 264 2106 in
280 2049 382 2120 publico
399 2049 587 2113 Themistocles,
601 2049 668 2119 quod
682 2066 796 2103 somnum
810 2066 899 2118 capere
911 2066 961 2102 non
974 2067 1030 2119 pos.

236 2131 286 2191 set,
300 2125 522 2196 quarentibusque
535 2124 710 2194 respondebat,
724 2123 848 2178 Miltiadis
861 2124 962 2194 tropaeis
975 2143 1029 2181 sec

236 2219 327 2257 somno
349 2201 475 2255 suscitari.
511 2201 560 2254 Cui
581 2219 632 2254 non
653 2205 713 2254 sunt
738 2199 829 2254 audita
850 2200 1028 2258 Demosthenis

235 2278 349 2349 vigiliae?
370 2276 414 2346 qui
430 2276 514 2330 dolere
530 2294 558 2330 se
574 2276 665 2341 aicbat,
678 2276 812 2348 siquando
825 2277 941 2347 opiticum
958 2282 1027 2335 ante·

235 2354 328 2409 lucana
350 2353 433 2406 victus
457 2356 525 2406 esset
548 2352 681 2407 industria.
729 2352 897 2423 Philosophia
921 2353 1028 2426 denique

235 2430 317 2501 ipsius
335 2428 460 2498 principes
481 2446 617 2497 numquam
639 2429 667 2482 iu
687 2428 740 2482 suis
759 2428 849 2483 studiis
867 2434 953 2485 tantos
970 2449 1029 2503 pro-

235 2522 341 2577 gressus
353 2504 407 2557 sine
419 2504 538 2573 flagranti
550 2504 691 2573 cupiditate
702 2504 785 2560 facere
797 2506 946 2575 potuissent.
981 2508 1029 2562 Ul·

235 2582 313 2636 timas
330 2584 412 2634 terras
433 2579 555 2633 lustrasse
572 2580 751 2651 Pythagoram,
771 2581 952 2648 Democritum,
973 2583 1029 2636 Pla·

235 2664 324 2711 tonem
345 2654 496 2723 accepimus.
533 2654 586 2710 Ubi
607 2656 674 2709 enim
695 2654 756 2726 quid
779 2660 854 2724 osset,
876 2657 943 2727 quod
967 2657 1029 2712 disci

235 2736 332 2804 posset,
346 2749 376 2785 eo
388 2729 537 2785 veniendum
548 2731 734 2801 judicaverunt.
761 2731 831 2785 Num
844 2738 963 2801 putamus
974 2732 1028 2787 haee

234 2808 292 2864 lieri
304 2810 358 2861 sina
370 2823 468 2859 summo
480 2807 627 2875 cupiditatis
640 2806 730 2861 ardore
740 2806 874 2877 potuisset

262 2882 324 2935 XX
349 2883 436 2951 Ipsam
455 2883 650 2954 aegritudinem,
671 2903 753 2961 quam
769 2900 835 2949 nos,
846 2886 884 2936 ut
900 2881 1015 2935 tasum
1031 2874 1103 2922 *W*
