2634 3367
520 337 590 387 Llll.
603 337 624 385 1.
653 338 729 387 CAP.
740 341 779 388 80.
1017 338 1048 388 tt

250 448 380 514 infelicem
399 450 444 503 eut
456 447 521 503 uerti
531 448 667 520 quidquam
679 449 714 505 eit
725 450 753 504 in
764 447 840 504 rebus
852 448 985 514 humenis;
1003 451 1048 504 unt

250 543 353 596 sperare
370 525 406 580 uit
423 523 584 595 prudentius,
603 544 678 597 quum
695 527 794 581 timere.
831 524 882 581 Sed
899 525 947 581 hou
965 525 1089 595 ipeumtl

250 601 412 666 eoncedutur‚
431 601 505 656 bonis
520 601 597 657 rebus
613 602 728 657 homiues
743 606 825 657 morte
841 602 942 673 privari.
977 601 1048 673 Ergo

249 678 328 733 etiam
349 696 435 733 uurere
455 686 570 732 mortuos
588 678 647 733 vite
668 677 813 745 eommod'u,
831 677 907 748 idque
927 695 983 733 esre
1000 679 1048 733 mi·

249 754 356 809 seruml
386 752 464 809 Certe
484 753 522 808 itu
542 752 628 809 dieunt
648 771 752 810 neeesse
770 759 818 810 ert.
854 756 897 809 An
914 757 1000 824 potest
1016 754 1048 821 ir,

249 830 295 901 qui
311 848 364 885 nou
380 834 428 897 eut,
445 848 474 885 re
490 829 544 884 ullu
562 829 672 884 careret
707 831 791 886 Triste
812 830 879 885 enim
898 834 939 885 est
955 848 1048 885 nomen

248 906 334 977 ipsum
352 906 468 975 oamudi,
486 906 547 976 quia
567 905 702 976 subjicitur
722 906 777 962 heu
797 907 852 962 vis:
876 905 973 970 hebuit.
995 924 1047 962 nou

248 982 343 1038 habet:
368 981 503 1050 desideret,
524 982 639 1053 requirit,
656 982 763 1054 indiget.
800 984 872 1048 flue,
891 982 989 1053 opinor,
1007 983 1046 1038 in·

249 1058 383 1114 eommodu
398 1063 460 1114 snut
477 1059 596 1114 carentis.
633 1060 708 1114 Curet
726 1058 813 1124 oculis,
826 1058 914 1114 odiosu
928 1060 1029 1115 ueniter
1036 1078 1045 1123 ;

247 1134 343 1199 liberie,
355 1134 462 1189 orbitus.
497 1134 575 1190 Valet
586 1135 635 1191 hou
650 1135 679 1189 in
690 1135 769 1190 vivis:
788 1137 946 1189 mortuorum
960 1138 1046 1189 eutem

248 1228 302 1266 uun
312 1209 390 1265 modo
401 1211 461 1267 vitae
474 1210 620 1276 commodis,
633 1210 679 1266 red
689 1228 723 1265 ne
734 1210 788 1265 vitu
799 1209 900 1279 quidem
912 1210 967 1281 ipsu
978 1213 1047 1281 quir·

248 1306 324 1358 quum
337 1298 415 1341 curet.
450 1288 492 1343 De
507 1287 616 1342 mortuis
631 1287 729 1358 loquor,
743 1285 788 1359 qui
801 1286 864 1341 nulli
876 1290 945 1341 runt
980 1287 1044 1354 Noe,

248 1363 401 1434 quiramus,
414 1364 546 1431 uum,etei
563 1364 682 1419 eornibur
699 1381 814 1419 curemus
830 1367 875 1418 eut
891 1364 988 1435 pennis,
1001 1364 1044 1431 eit,

248 1440 292 1511 qui
308 1437 336 1494 id
347 1440 460 1495 dixerit?
492 1442 566 1495 (lerte
584 1458 667 1495 nemo.
704 1439 775 1500 Quid
790 1440 848 1496 itui
877 1440 953 1505 Quia,
966 1459 1045 1512 quum

246 1515 274 1570 id
285 1534 338 1571 non
349 1515 451 1581 habeus,
464 1515 533 1587 quod
545 1516 593 1572 tibi
603 1534 651 1572 nee
663 1535 713 1572 usu
728 1535 776 1573 neu
792 1520 886 1572 nutura
900 1516 935 1572 eit
946 1523 1042 1588 aptum,

246 1610 300 1647 non
315 1610 408 1657 eurem,
421 1594 499 1648 etium
516 1592 540 1647 ui
557 1593 652 1648 tentiae
668 1597 695 1648 te
711 1611 764 1647 uon
779 1593 879 1649 hebere.
914 1594 973 1649 1100
988 1613 1043 1665 pre·
1051 1602 1083 1650 88

246 1668 366 1723 mendum
378 1670 456 1724 etium
467 1673 544 1741 utque
556 1669 634 1724 etium
645 1672 687 1725 est
698 1674 884 1741 argumentum,
894 1670 1042 1726 eonflrmutu

245 1744 298 1810 illo,
311 1744 344 1801 de
360 1763 418 1816 quo,
432 1746 454 1801 si
470 1745 590 1801 mortales
607 1746 685 1801 enimi
702 1749 771 1813 suut,
783 1746 900 1802 dubitare
915 1764 967 1801 nou
984 1764 1042 1817 pos·

246 1840 343 1887 eumue,
357 1822 418 1893 quin
431 1825 518 1877 tantur
530 1822 650 1877 interitus
662 1822 689 1878 in
704 1826 786 1879 morte
798 1823 840 1888 sit,
853 1827 883 1878 ut
894 1840 928 1878 ne
939 1823 1042 1877 minima

246 1896 349 1968 quidem
364 1899 474 1968 suspicio
489 1917 579 1954 senene
593 1898 761 1968 relinquatur.
797 1900 856 1954 Hoc
871 1897 952 1969 igitur
963 1899 1042 1969 probe

245 1973 360 2029 stabilito
372 1979 399 2029 et
410 1975 471 2039 fixo,
485 1974 548 2030 illud
561 1973 741 2030 excutiendum
758 1977 806 2037 eet,
819 1976 850 2027 ut
864 1974 967 2038 uniatur,
980 1973 1042 2045 quid

245 2049 280 2103 rit
293 2068 384 2113 carere,
395 2068 429 2105 ne
443 2050 602 2121 relinquetur
613 2049 708 2120 uliquid
723 2048 815 2104 erroris
832 2048 859 2103 iu
870 2047 956 2103 verbo.
993 2051 1041 2104 Oa·

244 2143 299 2179 rere
315 2125 396 2196 igitur
412 2126 461 2181 hoe
478 2126 611 2197 significat,
626 2144 702 2197 egere
719 2142 757 2189 eo,
775 2122 843 2195 quod
860 2124 953 2179 hubere
969 2125 1039 2183 velis.

244 2200 319 2255 Inest
338 2201 405 2255 enim
423 2201 487 2257 velle
504 2202 532 2257 in
552 2201 668 2265 carendo.
686 2201 734 2256 nisi
751 2219 829 2271 quum
847 2200 891 2267 eiu,
910 2203 1039 2273 tamquam

243 2276 271 2331 in
292 2276 365 2342 febri,
384 2276 485 2343 dieitur,
507 2278 556 2332 aliu
572 2278 681 2349 quedem
701 2277 805 2332 notione
822 2277 901 2333 verbi.
935 2277 1038 2335 Dicitur

243 2352 312 2407 enim
329 2352 378 2407 ulio
394 2353 469 2408 modo
480 2354 557 2409 etium
569 2374 658 2419 carere,
672 2372 750 2424 quum
767 2353 861 2424 aliquid
878 2371 930 2409 non
944 2354 1037 2411 habeus

243 2436 272 2484 et
291 2446 345 2483 nnn
362 2429 455 2485 habere
477 2436 505 2485 te
528 2430 632 2495 sentire,
652 2430 729 2485 etium
749 2430 770 2486 ei
791 2429 817 2484 id
837 2430 910 2485 fenile
933 2432 1037 2501 petiere.

245 2505 338 2559 Carere
353 2506 380 2559 in
395 2506 461 2560 mulo
477 2524 529 2561 non
540 2506 648 2561 dicitur:
667 2524 714 2561 neu
730 2506 796 2562 euim
813 2511 881 2562 erret
893 2506 1037 2562 dolendum.

242 2580 347 2635 Dicitur
367 2581 437 2649 illud,
455 2581 521 2636 bono
541 2601 632 2649 carere,
649 2581 717 2653 quod
738 2584 778 2637 est
797 2581 899 2638 mulum.
935 2582 985 2637 Sed
1005 2600 1038 2637 ne

242 2656 317 2710 virus
329 2657 431 2727 quidem
442 2656 510 2712 bono
522 2662 599 2723 curet,
613 2658 635 2711 si
647 2676 678 2713 eo
689 2676 741 2713 uon
752 2657 865 2728 indiget:
885 2657 930 2713 sed
941 2658 968 2712 iu
979 2658 1038 2711 vivo

241 2731 353 2802 intelligi
364 2737 451 2788 tumen
466 2739 560 2803 potest,
573 2752 652 2806 regno
664 2738 692 2791 te
704 2752 811 2791 enuere·⁸
827 2732 885 2787 uin
896 2730 1058 2807 uuuexuuuu

240 2808 270 2863 iu
286 2809 393 2863 tenutis
409 2808 541 2869 subtiliter
557 2830 613 2871 non
629 2816 741 2887 quteet3
756 2813 856 2886 queunt
869 2805 1092 2871 insinuens.

232 2901 311 2953 ΨΜ
327 2902 411 2956 te81¹0
427 2895 501 2949 esset
516 2892 671 2969 expulsus:
696 2894 781 2953 utin
797 2888 915 2946 mertun
926 2871 1045 2931 uelum
