2634 3367
489 324 557 372 LIB.
574 325 618 372 1v.
635 326 709 375 CAP.
726 328 750 376 6.
967 328 1012 376 123

218 433 371 488 mentiorem
389 452 447 487 eum
464 434 554 489 volunt
571 453 634 500 esse,
653 436 698 507 qni
715 436 816 507 longius
834 436 978 492 discesserit
997 455 1013 492 a

218 516 319 564 natura
337 510 486 565 constantia
522 511 613 565 Partes
631 517 715 567 antem
734 512 950 582 perturbationum
968 532 1011 567 vo·

218 587 276 642 lunt
301 604 333 640 ex
357 586 455 641 duobus
479 586 587 657 opinatis
611 587 684 643 bonis
704 588 781 654 nasci,
806 593 833 643 et
857 608 889 643 ex
912 588 1011 645 duobus

218 662 330 732 opinatis
341 662 428 727 malis;
446 662 483 717 ita
495 680 550 718 esse
562 669 686 734 quatuor:
705 683 739 720 ex
752 664 823 719 bonis
835 665 972 719 libidinem
984 672 1011 721 et

217 739 347 803 lotitiam,
361 742 390 793 ut
407 739 441 793 sit
453 739 542 793 laetitia
557 742 718 809 presentium
734 741 866 808 bonorum,
878 740 955 796 libido
971 742 1011 796 fn-

217 819 351 880 turorum3
376 834 408 871 cx
424 816 496 870 malis
512 826 608 871 merum
625 824 652 871 et
670 818 849 886 mqrdndinem
866 820 935 873 nasci
953 836 1012 873 cen·

219 896 293 944 sent:
316 896 412 945 metum
431 892 532 956 laturis,
545 893 721 962 aegritudinem
740 892 912 963 presentibus.
949 895 1010 960 Qua

218 966 285 1020 enim
305 968 431 1023 venientia
448 972 604 1033 metuuntur,
623 969 711 1023 eadem
732 969 843 1024 afficiunt
860 970 1009 1042 aegritudine

217 1042 349 1099 instantia
379 1046 483 1100 Lutatio
495 1049 579 1099 autem
592 1049 618 1100 et
630 1045 708 1099 libido
720 1046 747 1100 in
758 1045 881 1100 bonorum
893 1047 1009 1117 opinione
1020 1055 1049 1101 12

219 1126 361 1186 versantur,
372 1140 449 1193 quum
458 1121 535 1176 libido
545 1120 577 1176 ad
586 1120 620 1189 id,
646 1120 697 1176 uod
706 1122 807 1176 videtur
815 1120 916 1187 bonum,
927 1122 1010 1178 illecta

217 1205 246 1254 et
264 1198 419 1253 inflammata
436 1199 556 1268 rapiatur,
576 1141 672 1262 lucillo,
690 1201 721 1251 ut
740 1196 832 1267 adepta
844 1200 898 1267 jam
916 1198 1010 1269 aliquid

217 1274 390 1344 concupitum,
407 1274 527 1329 efferatur
542 1277 569 1328 et
585 1273 687 1345 gestiat.
723 1273 825 1328 Natura
839 1273 906 1338 enim
922 1292 1009 1329 ornnes

216 1370 255 1416 ea,
282 1369 338 1421 qua
360 1351 427 1406 bona
449 1349 576 1415 videntur,
601 1354 751 1420 sequuntur,
776 1349 928 1421 fugiuntque
951 1368 1008 1405 eon·

216 1427 305 1483 traria.
341 1426 508 1493 Quamobrem
533 1426 608 1482 simul
630 1425 731 1497 objecta
751 1427 847 1498 speeies
868 1427 1006 1498 cujuspiam

217 1508 267 1570 est,
281 1503 348 1575 quod
362 1504 456 1559 bonum
469 1504 593 1572 videatur,
605 1503 636 1558 ad
654 1502 679 1558 id
698 1503 884 1575 adipiscendum
902 1505 1008 1576 impellit

217 1582 275 1650 ipsa
297 1584 395 1635 natura
435 1580 467 1634 Id
490 1599 569 1651 quum
592 1585 737 1635 constanter
761 1580 947 1652 prudenterque
970 1581 1007 1649 fir,

217 1656 343 1728 ejusmodi
367 1655 547 1727 appetitionem
569 1656 648 1712 Stoici
668 1657 786 1717 βούλησιν
806 1657 938 1728 appellent,
960 1675 1007 1713 nos

217 1733 373 1804 appellemus
390 1731 554 1787 mammen.
590 1733 654 1787 Eum
673 1732 709 1787 illi
726 1737 817 1803 putant
835 1734 861 1789 in
880 1733 933 1789 solo
951 1753 1006 1790 esse

217 1810 341 1874 sapienta,
360 1826 434 1879 quarn
453 1809 490 1863 sic
507 1806 645 1864 definiunt:
664 1809 789 1865 Voluntas
807 1814 854 1877 est,
872 1828 927 1881 quaa
945 1810 1006 1881 quid

216 1904 276 1941 curn
297 1885 394 1940 ratione
413 1883 547 1939 desideret.
583 1885 646 1950 Quen
666 1887 759 1949 autam,
779 1886 876 1940 ratione
893 1885 1006 1951 adversa,

216 1963 324 2017 incitata
346 1967 386 2016 est
405 1961 585 2026 vehementius,
605 1978 636 2015 ea
657 1959 735 2015 libido
759 1965 797 2015 est
818 1962 858 2016 rel
880 1960 1006 2031 cupiditas

216 2038 354 2094 effrenata:
373 2056 428 2109 qua
441 2037 467 2091 in
479 2037 595 2092 omnibus
607 2035 694 2091 stultis
709 2036 843 2091 iuvenitur.
879 2037 1003 2107 Itemque,
1015 2050 1044 2095 la

216 2134 296 2186 quum
311 2115 349 2170 ita
362 2132 498 2179 moremur,
511 2114 580 2168 utin
594 2112 662 2168 bono
678 2112 756 2168 simus
768 2112 858 2183 aliquo,
872 2112 1005 2183 dupliciter

216 2194 243 2249 id
267 2192 400 2263 contingit
447 2191 515 2246 Nam
539 2209 617 2261 quum
640 2189 739 2244 ratione
766 2189 864 2244 animus
889 2193 1005 2245 movetur

216 2268 316 2339 placide
335 2272 411 2339 atque
428 2270 581 2331 constanter,
599 2270 654 2320 tum
675 2265 737 2319 illud
751 2265 881 2336 pandione
896 2265 1004 2322 dicitur:

216 2365 295 2417 quum
307 2352 391 2401 autem
404 2344 512 2399 inaniter
523 2348 550 2398 et
562 2342 641 2399 effuse
652 2342 751 2397 animus
763 2342 883 2408 exsultat,
894 2347 950 2398 tum
961 2344 1003 2399 illa

216 2424 306 2477 letitia
312 2422 422 2492 pectr‘em
431 2420 470 2475 vel
482 2423 566 2474 nimio
575 2418 625 2475 dici
636 2423 729 2491 potest,
740 2437 814 2491 quarn
826 2419 863 2474 ita
871 2418 1001 2485 definiunt,

216 2498 270 2554 sine
291 2498 389 2553 ratione
410 2496 485 2551 animi
506 2496 646 2551 elationem.
683 2497 867 2567 Quoniamque,
888 2500 917 2551 ut
937 2496 1003 2552 bona

216 2580 307 2630 natura
324 2573 474 2645 appetimus,
485 2572 522 2627 sic
536 2589 552 2625 a
568 2573 640 2628 malis
657 2577 749 2627 natura
760 2572 928 2627 declinamus:
946 2592 1002 2643 quaa

216 2651 357 2717 declinatio,
369 2651 391 2706 si
407 2668 465 2706 curn
481 2649 579 2704 ratione
596 2650 647 2715 fiet,
665 2649 748 2705 cautio
764 2648 910 2719 appelletur,
923 2666 1002 2719 eaque

216 2728 372 2799 intelligatur
383 2727 410 2780 in
427 2726 481 2783 solo
495 2744 550 2781 esse
568 2726 697 2797 sapiente:
716 2743 771 2797 quaa
789 2728 873 2779 antem
892 2723 945 2778 sine
963 2741 1003 2777 rc-

216 2804 284 2860 tione
302 2807 329 2858 et
347 2821 405 2857 eum
422 2802 606 2858 exanimatione
622 2800 717 2858 humill
732 2805 813 2873 atque
827 2798 1019 2876 inactum}-

216 2885 286 2933 aetur
294 2883 397 2935 metus:
413 2884 455 2937 eat
471 2882 555 2954 igitur
568 2885 670 2951 metus,
682 2882 791 2940 ratione
802 2876 934 2934 causac,
939 2869 1047 2923 muno.
