2634 3367
475 332 544 383 ms.
562 333 583 382 Ι.
603 332 678 381 ΟΔΡ.
698 335 735 390 lt,
750 333 786 383 16.
999 334 1028 381 ld

298 446 379 495 Nemo
390 460 429 493 ma
440 445 555 508 lacrymis
566 446 669 503 decoret,
680 460 725 493 nea
736 445 821 493 funera
833 444 892 493 tlara

330 518 399 566 faxit
450 515 518 564 Curi
543 515 625 564 Volito
636 516 702 563 vivu'
715 531 758 579 per
769 530 811 564 ora
820 516 906 566 virum

237 602 286 658 Sed
302 602 363 674 qnid
382 603 490 673 poetas?
510 600 622 673 Opifices
640 606 700 672 post
718 605 824 656 mortem
843 600 970 656 nobilitari
986 617 1031 654 vo·

235 678 298 733 lunt.
337 678 406 737 Quid
424 678 490 733 enim
507 677 612 733 Phidias
624 678 665 733 sui
681 678 786 733 similem
803 678 911 748 speciem
927 676 1030 732 inclusit

235 754 261 810 in
272 753 362 826 clypeo
373 754 505 820 Minervae,
515 772 593 825 quum
605 753 742 809 inscribere
751 772 802 808 non
811 753 917 810 decretl
940 752 1030 812 Quid?

236 831 316 885 nostri
326 829 588 901 philosophi-nonne
597 830 624 885 in
633 830 673 885 hrs
682 848 743 900 rpsrs
752 829 830 894 libris,
841 848 904 902 qnos
913 831 1029 886 scribunt

236 906 267 961 dc
276 906 462 962 contemnenda
473 906 561 978 gloria,
572 924 619 961 sua
629 910 733 961 nomina
744 906 904 962 inscribunt?
923 901 997 972 Quod
1007 906 1028 960 si
1038 905 1069 952 ³⁸

235 984 348 1037 omnium
361 1000 500 1037 consensus
516 987 616 1037 nature
631 999 681 1036 vox
693 986 740 1047 est,
757 1000 902 1053 omnesque,
914 983 957 1053 qui
974 981 1030 1036 ubi·

236 1077 285 1129 que
303 1062 375 1123 sunt,
390 1060 553 1114 consentiunt
569 1076 625 1114 esse
643 1058 745 1129 aliquid,
759 1057 827 1129 quod
843 1058 874 1113 ad
890 1077 933 1114 eos
951 1061 1030 1129 perti·

236 1140 303 1202 neat,
329 1134 374 1206 qui
393 1135 448 1190 vita
467 1139 614 1190 cesserunt:
638 1133 713 1190 nobis
734 1151 834 1206 qnoque
857 1133 923 1188 idem
945 1133 1031 1189 existi·

236 1210 357 1267 mnndum
378 1215 435 1265 est:
453 1215 479 1265 et
499 1210 529 1275 si,
551 1227 658 1282 qnorum
681 1213 727 1264 aut
747 1208 850 1279 ingenio
870 1214 915 1263 aut
935 1210 1031 1264 virtute

237 1288 337 1343 animus
358 1286 467 1352 excellit,
490 1304 534 1341 eos
557 1286 718 1351 arbitramur,
741 1286 801 1357 quia
823 1289 915 1340 natura
935 1285 1032 1356 optima

237 1368 306 1431 eunt,
316 1380 419 1418 cernere
431 1365 529 1417 natura
537 1362 588 1417 vim
598 1362 706 1417 mammo
716 1381 723 1416 ι
741 1360 795 1416 veri
806 1360 887 1417 simile
896 1366 943 1428 est,
952 1380 1029 1433 quum

237 1440 349 1510 optimus
359 1439 466 1511 quisque
475 1439 584 1494 maxime
595 1438 741 1510 posteritati
753 1438 854 1504 serviat,
864 1456 919 1495 esse
928 1437 1030 1511 aliquid,

237 1515 310 1587 cujus
321 1516 344 1570 is
357 1520 415 1586 poet
428 1518 535 1569 mortem
547 1533 649 1570 sensum
662 1514 696 1569 sit
708 1515 849 1572 habiturus.

270 1592 347 1647 XVI.
368 1590 418 1647 Sed
433 1595 464 1645 nt
480 1590 540 1646 deos
557 1608 613 1646 esse
628 1591 875 1661 natura⁴opiuamun
894 1590 1030 1663 qualesque
1039 1598 1070 1646 86

238 1668 297 1733 sint,
314 1667 413 1722 ratione
429 1666 621 1737 cognoscimns3
640 1666 677 1722 eie
693 1685 838 1737 permanere
854 1666 950 1721 audinus
966 1668 1030 1722 arbi·

237 1749 336 1799 tremus
354 1761 479 1798 consensu
497 1742 628 1796 nationum
646 1744 773 1809 omnium
792 1761 842 1814 qua
860 1742 961 1798 insede
979 1760 1031 1798 ma-

237 1823 323 1885 neant,
343 1818 482 1891 qualesque
502 1817 563 1885 sint,
579 1818 678 1873 ratione
697 1818 842 1874 discendum
864 1824 913 1874 est.
950 1819 1030 1890 Cujus

237 1896 366 1968 ignoratio
377 1895 452 1949 finxit
468 1894 571 1958 inferos,
584 1912 677 1964 easque
688 1895 841 1959 formidines,
856 1913 918 1965 quas
930 1898 959 1949 tu
971 1913 1030 1950 con-

238 1976 352 2027 temnere
369 1988 420 2025 non
436 1970 492 2025 sine
504 1987 580 2025 causa
597 1969 722 2025 videbare.
759 1972 791 2025 Ie
805 1975 898 2025 terram
911 1970 976 2025 enim
990 1989 1031 2025 ca·

238 2047 359 2104 dentibus
376 2045 531 2116 corporibus,
544 2046 634 2117 hisque
651 2045 730 2100 durno
746 2046 830 2111 tectis,
843 2063 857 2100 e
871 2063 922 2116 quo
934 2045 1031 2102 dictum

238 2129 278 2178 est
288 2124 406 2189 humari,
415 2121 462 2177 aab
471 2128 540 2176 terra
548 2121 685 2177 censebant
697 2121 817 2192 reliquam
828 2122 904 2177 vitam
914 2122 955 2194 agi
964 2141 1030 2178 mor·

238 2203 351 2255 tuorum.
388 2198 471 2257 Quam
490 2215 578 2253 eorum
595 2196 738 2267 opinionem
757 2198 840 2269 magni
857 2216 954 2254 errores
971 2218 1030 2254 oon·

238 2275 322 2330 secuti
334 2277 410 2329 sunt:
430 2291 493 2345 quos
502 2279 628 2329 auxerunt
641 2279 729 2344 poetae.
753 2273 882 2346 Frequens
895 2275 959 2330 enim
970 2293 1029 2330 con·
1039 2292 1069 2345 37

239 2370 324 2407 sessum
337 2350 439 2415 theatri,
452 2350 479 2406 in
487 2368 538 2422 quo
550 2354 611 2405 sunt
622 2350 775 2406 muliercule
787 2360 814 2407 et
825 2354 905 2424 pueri,
915 2359 1030 2408 movetur

238 2427 344 2483 audiens
354 2430 408 2482 tam
420 2426 516 2497 grands
527 2444 641 2482 narnien:

207 2521 213 2535 ¹
271 2523 376 2580 Adsum,
394 2530 466 2584 atque
482 2522 583 2570 advenit
603 2521 750 2581 Acherunte,
767 2522 816 2580 vix,
833 2522 872 2572 vis
891 2522 940 2571 alta
959 2528 1030 2585 atqua
1113 2521 1116 2528 ’

272 2665 321 2713 Per
331 2594 458 2727 speld‘dldii
471 2664 534 2712 stxia
546 2669 648 2711 structas
658 2664 755 2725 asperis,
767 2664 939 2727 pendentibus,

273 2735 404 2791 Maximis3
422 2734 464 2781 ubi
476 2735 552 2795 rigide
563 2741 657 2784 constet
668 2738 748 2786 crtara
760 2734 843 2800 reliqu
852 2736 979 2785 interum.

239 2814 396 2881 Tantumque
409 2812 487 2869 saluit
502 2832 583 2885 emur,
596 2818 646 2893 qui
663 2819 732 2879 milii
747 2817 864 2897 quidem
878 2816 940 2889 'qam
950 2804 1083 2864 subustus

227 2888 331 2952 ”HQ
351 2890 389 2955 “iv
407 2905 517 2962 0⁰1P⁰r³
537 2904 664 2960 ommate
686 2920 780 2979 quum
801 2898 924 2961 surrent,
940 2893 1050 2944 tm*
1068 2884 1108 2920 θ’
