2634 3367
297 326 329 372 62
452 329 648 378 ΤΗὸΟὈΒΑΝ,
669 331 967 391 DISPUTATIONUM

499 759 628 820 LIBER
650 765 884 826 SECUNDUS.

398 1051 454 1101 DE
488 1056 762 1108 TOLERANDO
797 1063 985 1116 DOLORE.

254 1448 266 1494 1
311 1442 335 1496 L
353 1441 558 1496 Nnorronnnns
571 1440 671 1512 quidem
684 1440 752 1512 apud
767 1440 877 1497 Ennium
888 1439 1070 1512 philosopham

274 1516 323 1571 aiii
343 1518 380 1571 ait
400 1535 494 1571 mersae
511 1534 568 1581 eoae,
588 1516 633 1569 aed
647 1520 763 1587 paucis:
788 1535 851 1570 nom
872 1518 979 1570 omnino
998 1516 1073 1569 daed

274 1592 382 1663 plaeere.
418 1592 475 1661 Ego
492 1596 585 1657 antem,
602 1591 691 1657 Brute,
704 1610 808 1647 neeesse
824 1592 885 1646 milri
897 1591 998 1662 quidem
1015 1610 1070 1646 esse

276 1667 387 1723 arbitror
395 1667 581 1738 philosophari:
599 1686 657 1721 narn
668 1668 729 1738 qnid
737 1685 849 1738 possum,
858 1668 998 1738 prasertim
1008 1667 1071 1721 nihil

276 1761 362 1813 egens,
376 1761 451 1813 agere
468 1743 578 1798 melius?
598 1742 641 1797 sed
658 1762 710 1797 non
722 1744 816 1814 paucis,
830 1748 860 1798 ut
877 1744 925 1797 ille.
961 1742 1070 1797 Difficile

276 1825 316 1873 est
329 1819 396 1874 enim
408 1820 436 1874 in
448 1818 606 1890 philosophia
622 1837 702 1890 pauca
713 1837 769 1878 esse
782 1820 805 1873 ei
818 1824 886 1887 uota,
898 1818 940 1874 eui
954 1836 1006 1873 non
1018 1820 1071 1873 sint

275 1900 320 1950 aui
334 1896 453 1967 pleraque
466 1899 510 1949 aui
522 1896 614 1951 omnia.
644 1895 712 1950 Nam
725 1913 772 1950 nee
785 1913 872 1966 panea,
884 1895 933 1948 nisi
946 1913 961 1948 e
973 1894 1069 1960 multis,

274 1971 334 2044 eligi
350 1978 467 2043 possunt,
480 1990 535 2039 neo,
548 1974 592 2044 qui
609 1990 690 2043 panea
706 1972 853 2043 pereeperit,
866 1989 918 2024 non
933 1970 1001 2024 idem
1013 1972 1070 2025 reli·

254 2067 328 2119 aqna
340 2050 428 2105 eodem
445 2049 530 2104 studio
547 2053 722 2120 persequetur.
759 2047 811 2101 Sed
828 2047 855 2101 in
867 2048 920 2101 vita
931 2050 1017 2101 tamen
1028 2065 1070 2102 oe·

276 2131 370 2196 eupata
387 2129 471 2197 atque,
488 2130 519 2179 ut
537 2124 701 2195 Neoptolemi
718 2127 774 2179 tum
792 2129 854 2187 erat,
870 2123 973 2177 militari
990 2141 1071 2193 panea

274 2200 331 2270 ipsa
348 2202 457 2255 multum
475 2217 543 2270 saepe
560 2205 675 2270 prosunt,
695 2204 722 2254 ei
742 2200 829 2253 ferunt
849 2199 957 2264 fruetus,
978 2199 1070 2253 sinon

274 2278 369 2341 tantos,
383 2277 472 2347 quanti
484 2293 516 2329 ex
528 2276 648 2329 universa
664 2274 823 2345 philosophia
839 2275 934 2345 percipi
945 2279 1053 2345 possunt
1060 2296 1068 2340 ;

274 2354 360 2405 tamen
373 2369 424 2414 eos,
438 2350 530 2422 quibus
542 2350 626 2420 aliqua
637 2368 670 2404 ex
682 2353 754 2419 porte
770 2351 898 2405 interdurn
911 2356 956 2404 ant
973 2351 1070 2421 eupidi-

274 2431 329 2481 tate
347 2431 393 2481 aut
411 2425 562 2496 egritudine
579 2429 625 2479 ant
642 2430 713 2480 metu
731 2425 882 2482 liberemur:
902 2426 972 2480 velut
990 2445 1023 2480 en
1039 2444 1069 2481 ea

275 2501 453 2573 disputatione,
466 2520 522 2572 qnoe
538 2501 600 2555 mihi
615 2520 698 2572 nuper
713 2501 800 2557 habita
816 2507 856 2557 est
873 2503 900 2557 in
916 2502 1068 2567 Tusculano,

274 2597 366 2650 magna
382 2577 518 2633 videbatur
535 2578 624 2633 mortis
642 2579 734 2633 effecta
751 2579 922 2650 contemptim
944 2596 1000 2648 quse
1017 2597 1069 2633 non

275 2655 407 2710 minimum
420 2652 530 2708 valetud
543 2654 653 2708 animum
666 2658 738 2709 metu
750 2653 915 2710 liberandum.
945 2656 971 2708 N
972 2673 1012 2708 arn
1025 2655 1069 2725 qni

268 2730 305 2793 id,
321 2730 389 2800 qnod
398 2731 473 2785 vitari
484 2748 536 2784 non
545 2734 638 2801 potest,
649 2730 749 2797 metuit,
760 2730 783 2785 is
793 2731 877 2786 vivere
889 2730 972 2786 animo
981 2732 1068 2801 quieto

249 2803 329 2855 nullo
337 2806 421 2861 modo
427 2810 542 2878 potest:
560 2806 607 2864 sed
620 2806 674 2883 qui,
687 2824 741 2865 non
751 2806 828 2863 modo
839 2806 899 2879 quia
912 2823 1015 2860 neeesse
1027 2811 1067 2860 est

228 2875 309 2942 ΜΣ
327 2895 420 2938 retum
433 2886 517 2943 etiam
532 2888 599 2963 quia
616 2888 685 2947 nihil
702 2885 785 2945 habet
802 2902 883 2951 mors,
895 2880 1054 2954 quotenus
