<?xml version="1.0" encoding="UTF-8"?>
<!DOCTYPE html PUBLIC "-//W3C//DTD XHTML 1.0 Transitional//EN"
    "http://www.w3.org/TR/xhtml1/DTD/xhtml1-transitional.dtd">
<html xmlns="http://www.w3.org/1999/xhtml" xml:lang="en" lang="en">
 <head>
  <title>
</title>
<meta http-equiv="Content-Type" content="text/html;charset=utf-8" />
  <meta name='ocr-system' content='tesseract 3.04.00' />
  <meta name='ocr-capabilities' content='ocr_page ocr_carea ocr_par ocr_line ocrx_word'/>
</head>
<body>
  <div class='ocr_page' id='page_1' title='image "./mtulliiciceroni09cicegoog/mtulliiciceroni09cicegoog_0082.png"; bbox 0 0 2634 3367; ppageno 0'>
   <div class='ocr_carea' id='block_1_1' title="bbox 274 343 923 395">
    <p class='ocr_par' dir='ltr' id='par_1_1' title="bbox 274 343 923 395">
     <span class='ocr_line' id='line_1_1' title="bbox 274 343 923 395; baseline -0.008 0"><span class='ocrx_word' id='word_1_1' title='bbox 274 346 304 395; x_wconf 83' lang='grc'>76</span> <span class='ocrx_word' id='word_1_2' title='bbox 411 344 607 392; x_wconf 81' lang='lat' dir='ltr'>TUSCULAN.</span> <span class='ocrx_word' id='word_1_3' title='bbox 627 343 923 391; x_wconf 74' lang='lat' dir='ltr'><strong>DISPUTATIONUM</strong></span> 
     </span>
    </p>
   </div>
   <div class='ocr_carea' id='block_1_2' title="bbox 196 451 1068 2877">
    <p class='ocr_par' dir='ltr' id='par_1_2' title="bbox 273 451 1068 829">
     <span class='ocr_line' id='line_1_2' title="bbox 273 451 1068 523; baseline -0.004 -14"><span class='ocrx_word' id='word_1_4' title='bbox 273 456 383 510; x_wconf 81' lang='lat' dir='ltr'>adducto</span> <span class='ocrx_word' id='word_1_5' title='bbox 394 455 568 509; x_wconf 85' lang='lat' dir='ltr'>vehementius</span> <span class='ocrx_word' id='word_1_6' title='bbox 579 473 585 509; x_wconf 93' lang='lat'><strong>:</strong></span> <span class='ocrx_word' id='word_1_7' title='bbox 603 455 639 509; x_wconf 86' lang='lat' dir='ltr'>sic</span> <span class='ocrx_word' id='word_1_8' title='bbox 651 474 709 520; x_wconf 87' lang='lat' dir='ltr'>vox,</span> <span class='ocrx_word' id='word_1_9' title='bbox 722 455 759 509; x_wconf 92' lang='lat' dir='ltr'>sic</span> <span class='ocrx_word' id='word_1_10' title='bbox 770 472 868 518; x_wconf 85' lang='lat' dir='ltr'>cursus,</span> <span class='ocrx_word' id='word_1_11' title='bbox 881 453 918 507; x_wconf 89' lang='lat' dir='ltr'>sic</span> <span class='ocrx_word' id='word_1_12' title='bbox 933 451 1007 523; x_wconf 79' lang='lat' dir='ltr'>plaga</span> <span class='ocrx_word' id='word_1_13' title='bbox 1018 452 1068 507; x_wconf 90' lang='lat' dir='ltr'>hoc</span> 
     </span>
     <span class='ocr_line' id='line_1_3' title="bbox 274 529 1068 602; baseline -0.003 -17"><span class='ocrx_word' id='word_1_14' title='bbox 274 532 381 601; x_wconf 73' lang='lat' dir='ltr'>gravior,</span> <span class='ocrx_word' id='word_1_15' title='bbox 395 550 445 602; x_wconf 92' lang='lat' dir='ltr'>quo</span> <span class='ocrx_word' id='word_1_16' title='bbox 462 535 501 584; x_wconf 94' lang='lat' dir='ltr'>est</span> <span class='ocrx_word' id='word_1_17' title='bbox 517 531 594 585; x_wconf 87' lang='lat' dir='ltr'>missa</span> <span class='ocrx_word' id='word_1_18' title='bbox 610 532 763 585; x_wconf 90' lang='lat' dir='ltr'>contentius.</span> <span class='ocrx_word' id='word_1_19' title='bbox 800 531 881 598; x_wconf 81' lang='lat' dir='ltr'>Cujus</span> <span class='ocrx_word' id='word_1_20' title='bbox 897 529 1068 583; x_wconf 91' lang='lat' dir='ltr'>contentionis</span> 
     </span>
     <span class='ocr_line' id='line_1_4' title="bbox 273 604 1067 678; baseline -0.003 -19"><span class='ocrx_word' id='word_1_21' title='bbox 273 625 350 676; x_wconf 90' lang='lat' dir='ltr'>quum</span> <span class='ocrx_word' id='word_1_22' title='bbox 360 610 432 660; x_wconf 88' lang='lat' dir='ltr'>tanta</span> <span class='ocrx_word' id='word_1_23' title='bbox 441 607 479 660; x_wconf 91' lang='lat' dir='ltr'>vis</span> <span class='ocrx_word' id='word_1_24' title='bbox 488 608 530 671; x_wconf 88' lang='lat' dir='ltr'>sit,</span> <span class='ocrx_word' id='word_1_25' title='bbox 541 608 562 660; x_wconf 93' lang='lat' dir='ltr'>si</span> <span class='ocrx_word' id='word_1_26' title='bbox 574 608 686 678; x_wconf 80' lang='lat' dir='ltr'>gemitus</span> <span class='ocrx_word' id='word_1_27' title='bbox 697 606 725 660; x_wconf 92' lang='lat' dir='ltr'>in</span> <span class='ocrx_word' id='word_1_28' title='bbox 734 606 819 660; x_wconf 94' lang='lat' dir='ltr'>dolore</span> <span class='ocrx_word' id='word_1_29' title='bbox 828 605 860 659; x_wconf 87' lang='lat' dir='ltr'>ad</span> <span class='ocrx_word' id='word_1_30' title='bbox 869 604 1067 660; x_wconf 83' lang='lat' dir='ltr'>confirmandum</span> 
     </span>
     <span class='ocr_line' id='line_1_5' title="bbox 273 681 1068 752; baseline -0.001 -17"><span class='ocrx_word' id='word_1_31' title='bbox 273 682 381 736; x_wconf 85' lang='lat' dir='ltr'>animum</span> <span class='ocrx_word' id='word_1_32' title='bbox 396 682 498 745; x_wconf 78' lang='lat' dir='ltr'>valebit,</span> <span class='ocrx_word' id='word_1_33' title='bbox 510 686 620 738; x_wconf 89' lang='lat' dir='ltr'>utemur.</span> <span class='ocrx_word' id='word_1_34' title='bbox 658 684 704 737; x_wconf 82' lang='lat' dir='ltr'>Sin</span> <span class='ocrx_word' id='word_1_35' title='bbox 715 684 764 737; x_wconf 90' lang='lat' dir='ltr'>erit</span> <span class='ocrx_word' id='word_1_36' title='bbox 775 682 817 737; x_wconf 92' lang='lat' dir='ltr'>ille</span> <span class='ocrx_word' id='word_1_37' title='bbox 833 682 943 752; x_wconf 81' lang='lat' dir='ltr'>gemitus</span> <span class='ocrx_word' id='word_1_38' title='bbox 958 681 1068 735; x_wconf 84' lang='lat' dir='ltr'>clamen·</span> 
     </span>
     <span class='ocr_line' id='line_1_6' title="bbox 273 756 1068 829; baseline -0.001 -18"><span class='ocrx_word' id='word_1_39' title='bbox 273 757 364 825; x_wconf 85' lang='lat' dir='ltr'>tabilis,</span> <span class='ocrx_word' id='word_1_40' title='bbox 383 758 405 812; x_wconf 89' lang='lat' dir='ltr'>si</span> <span class='ocrx_word' id='word_1_41' title='bbox 422 758 569 823; x_wconf 88' lang='lat' dir='ltr'>imbecillus,</span> <span class='ocrx_word' id='word_1_42' title='bbox 589 759 611 814; x_wconf 92' lang='lat' dir='ltr'>si</span> <span class='ocrx_word' id='word_1_43' title='bbox 629 760 750 829; x_wconf 87' lang='lat' dir='ltr'>abjectus,</span> <span class='ocrx_word' id='word_1_44' title='bbox 769 758 792 813; x_wconf 91' lang='lat' dir='ltr'>si</span> <span class='ocrx_word' id='word_1_45' title='bbox 808 759 914 812; x_wconf 87' lang='lat' dir='ltr'>flebilis:</span> <span class='ocrx_word' id='word_1_46' title='bbox 936 757 960 811; x_wconf 89' lang='lat' dir='ltr'>ei</span> <span class='ocrx_word' id='word_1_47' title='bbox 978 756 1022 828; x_wconf 91' lang='lat' dir='ltr'>qni</span> <span class='ocrx_word' id='word_1_48' title='bbox 1040 775 1068 811; x_wconf 84' lang='lat' dir='ltr'>se</span> 
     </span>
    </p>

    <p class='ocr_par' dir='ltr' id='par_1_3' title="bbox 196 833 1068 981">
     <span class='ocr_line' id='line_1_7' title="bbox 196 833 1068 904; baseline 0 -17"><span class='ocrx_word' id='word_1_49' title='bbox 196 892 198 894; x_wconf 62' lang='grc'><strong>,</strong></span> <span class='ocrx_word' id='word_1_50' title='bbox 273 833 378 899; x_wconf 80' lang='lat' dir='ltr'>dederit,</span> <span class='ocrx_word' id='word_1_51' title='bbox 391 835 434 889; x_wconf 86' lang='lat' dir='ltr'>vix</span> <span class='ocrx_word' id='word_1_52' title='bbox 452 854 508 889; x_wconf 89' lang='lat' dir='ltr'>eum</span> <span class='ocrx_word' id='word_1_53' title='bbox 521 836 603 890; x_wconf 86' lang='lat' dir='ltr'>virum</span> <span class='ocrx_word' id='word_1_54' title='bbox 620 836 734 890; x_wconf 83' lang='lat' dir='ltr'>dixerim.</span> <span class='ocrx_word' id='word_1_55' title='bbox 772 834 822 899; x_wconf 83' lang='lat' dir='ltr'>Qui</span> <span class='ocrx_word' id='word_1_56' title='bbox 839 834 937 904; x_wconf 88' lang='lat' dir='ltr'>quidem</span> <span class='ocrx_word' id='word_1_57' title='bbox 956 834 1068 904; x_wconf 84' lang='lat' dir='ltr'>gemitus</span> 
     </span>
     <span class='ocr_line' id='line_1_8' title="bbox 273 908 1068 981; baseline -0.001 -18"><span class='ocrx_word' id='word_1_58' title='bbox 273 910 295 964; x_wconf 89' lang='lat' dir='ltr'>si</span> <span class='ocrx_word' id='word_1_59' title='bbox 318 910 450 964; x_wconf 78' lang='lat' dir='ltr'>levationis</span> <span class='ocrx_word' id='word_1_60' title='bbox 475 911 570 981; x_wconf 85' lang='lat' dir='ltr'>aliquid</span> <span class='ocrx_word' id='word_1_61' title='bbox 594 912 703 978; x_wconf 81' lang='lat' dir='ltr'>afferret,</span> <span class='ocrx_word' id='word_1_62' title='bbox 727 915 813 965; x_wconf 89' lang='lat' dir='ltr'>tamen</span> <span class='ocrx_word' id='word_1_63' title='bbox 834 910 984 973; x_wconf 83' lang='lat' dir='ltr'>videremus,</span> <span class='ocrx_word' id='word_1_64' title='bbox 1006 908 1068 979; x_wconf 89' lang='lat' dir='ltr'>qnid</span> 
     </span>
    </p>

    <p class='ocr_par' dir='ltr' id='par_1_4' title="bbox 205 985 1068 2877">
     <span class='ocr_line' id='line_1_9' title="bbox 205 985 1067 1057; baseline -0.003 -17"><span class='ocrx_word' id='word_1_65' title='bbox 205 1052 208 1057; x_wconf 23' lang='grc' dir='ltr'>ι</span> <span class='ocrx_word' id='word_1_66' title='bbox 273 989 341 1040; x_wconf 89' lang='lat' dir='ltr'>esset</span> <span class='ocrx_word' id='word_1_67' title='bbox 352 986 426 1041; x_wconf 83' lang='lat' dir='ltr'>fortis</span> <span class='ocrx_word' id='word_1_68' title='bbox 442 990 468 1041; x_wconf 98' lang='lat' dir='ltr'>et</span> <span class='ocrx_word' id='word_1_69' title='bbox 481 988 587 1043; x_wconf 80' lang='lat' dir='ltr'>animosi</span> <span class='ocrx_word' id='word_1_70' title='bbox 599 988 654 1042; x_wconf 85' lang='lat' dir='ltr'>viri.</span> <span class='ocrx_word' id='word_1_71' title='bbox 692 989 776 1052; x_wconf 85' lang='lat' dir='ltr'>Quum</span> <span class='ocrx_word' id='word_1_72' title='bbox 789 1005 849 1041; x_wconf 86' lang='lat' dir='ltr'>vero</span> <span class='ocrx_word' id='word_1_73' title='bbox 860 986 923 1040; x_wconf 89' lang='lat' dir='ltr'>nibil</span> <span class='ocrx_word' id='word_1_74' title='bbox 934 985 1067 1039; x_wconf 85' lang='lat' dir='ltr'>imminuet</span> 
     </span>
     <span class='ocr_line' id='line_1_10' title="bbox 273 1061 1068 1134; baseline -0.001 -18"><span class='ocrx_word' id='word_1_75' title='bbox 273 1061 373 1128; x_wconf 86' lang='lat' dir='ltr'>doloris,</span> <span class='ocrx_word' id='word_1_76' title='bbox 395 1081 441 1117; x_wconf 89' lang='lat' dir='ltr'>our</span> <span class='ocrx_word' id='word_1_77' title='bbox 460 1064 556 1118; x_wconf 84' lang='lat' dir='ltr'>frustra</span> <span class='ocrx_word' id='word_1_78' title='bbox 575 1068 665 1134; x_wconf 85' lang='lat' dir='ltr'>turpes</span> <span class='ocrx_word' id='word_1_79' title='bbox 687 1082 742 1118; x_wconf 88' lang='lat' dir='ltr'>esse</span> <span class='ocrx_word' id='word_1_80' title='bbox 763 1062 899 1121; x_wconf 74' lang='lat' dir='ltr'>volumus?</span> <span class='ocrx_word' id='word_1_81' title='bbox 936 1062 1007 1120; x_wconf 76' lang='lat' dir='ltr'>Quid</span> <span class='ocrx_word' id='word_1_82' title='bbox 1027 1065 1068 1115; x_wconf 92' lang='lat' dir='ltr'>est</span> 
     </span>
     <span class='ocr_line' id='line_1_11' title="bbox 232 1138 1067 1209; baseline -0.004 -15"><span class='ocrx_word' id='word_1_83' title='bbox 232 1138 340 1197; x_wconf 73' lang='lat' dir='ltr'>tssenim</span> <span class='ocrx_word' id='word_1_84' title='bbox 363 1139 426 1193; x_wconf 89' lang='lat' dir='ltr'>fletu</span> <span class='ocrx_word' id='word_1_85' title='bbox 450 1139 566 1194; x_wconf 87' lang='lat' dir='ltr'>muliebri</span> <span class='ocrx_word' id='word_1_86' title='bbox 586 1141 640 1194; x_wconf 85' lang='lat' dir='ltr'>viro</span> <span class='ocrx_word' id='word_1_87' title='bbox 666 1140 786 1209; x_wconf 81' lang='lat' dir='ltr'>turpius?</span> <span class='ocrx_word' id='word_1_88' title='bbox 822 1141 908 1209; x_wconf 85' lang='lat' dir='ltr'>Atque</span> <span class='ocrx_word' id='word_1_89' title='bbox 931 1138 980 1191; x_wconf 90' lang='lat' dir='ltr'>hoe</span> <span class='ocrx_word' id='word_1_90' title='bbox 1003 1156 1067 1207; x_wconf 79' lang='lat' dir='ltr'>prse-</span> 
     </span>
     <span class='ocr_line' id='line_1_12' title="bbox 273 1213 1067 1285; baseline -0.001 -17"><span class='ocrx_word' id='word_1_91' title='bbox 273 1219 382 1284; x_wconf 86' lang='lat' dir='ltr'>ceptum,</span> <span class='ocrx_word' id='word_1_92' title='bbox 396 1215 464 1285; x_wconf 91' lang='lat' dir='ltr'>quod</span> <span class='ocrx_word' id='word_1_93' title='bbox 482 1214 513 1269; x_wconf 90' lang='lat' dir='ltr'>de</span> <span class='ocrx_word' id='word_1_94' title='bbox 532 1215 617 1270; x_wconf 89' lang='lat' dir='ltr'>dolore</span> <span class='ocrx_word' id='word_1_95' title='bbox 635 1216 718 1280; x_wconf 91' lang='lat' dir='ltr'>datur,</span> <span class='ocrx_word' id='word_1_96' title='bbox 734 1219 806 1285; x_wconf 87' lang='lat' dir='ltr'>patet</span> <span class='ocrx_word' id='word_1_97' title='bbox 824 1214 908 1268; x_wconf 85' lang='lat' dir='ltr'>latius.</span> <span class='ocrx_word' id='word_1_98' title='bbox 944 1213 1067 1267; x_wconf 88' lang='lat' dir='ltr'>Omnibus</span> 
     </span>
     <span class='ocr_line' id='line_1_13' title="bbox 273 1289 1068 1355; baseline -0.003 -11"><span class='ocrx_word' id='word_1_99' title='bbox 273 1291 339 1344; x_wconf 87' lang='lat' dir='ltr'>enim</span> <span class='ocrx_word' id='word_1_100' title='bbox 356 1291 440 1355; x_wconf 86' lang='lat' dir='ltr'>rebus,</span> <span class='ocrx_word' id='word_1_101' title='bbox 453 1309 505 1344; x_wconf 88' lang='lat' dir='ltr'>non</span> <span class='ocrx_word' id='word_1_102' title='bbox 522 1291 604 1345; x_wconf 90' lang='lat' dir='ltr'>solum</span> <span class='ocrx_word' id='word_1_103' title='bbox 620 1291 708 1355; x_wconf 92' lang='lat' dir='ltr'>dolori,</span> <span class='ocrx_word' id='word_1_104' title='bbox 722 1290 797 1345; x_wconf 84' lang='lat' dir='ltr'>simili</span> <span class='ocrx_word' id='word_1_105' title='bbox 813 1289 974 1344; x_wconf 82' lang='lat' dir='ltr'>contentione</span> <span class='ocrx_word' id='word_1_106' title='bbox 991 1290 1068 1343; x_wconf 88' lang='lat' dir='ltr'>animi</span> 
     </span>
     <span class='ocr_line' id='line_1_14' title="bbox 273 1365 1067 1421; baseline 0 -2"><span class='ocrx_word' id='word_1_107' title='bbox 273 1366 441 1420; x_wconf 87' lang='lat' dir='ltr'>resistendum</span> <span class='ocrx_word' id='word_1_108' title='bbox 453 1369 501 1420; x_wconf 89' lang='lat' dir='ltr'>est.</span> <span class='ocrx_word' id='word_1_109' title='bbox 533 1368 576 1420; x_wconf 88' lang='lat' dir='ltr'>Ira</span> <span class='ocrx_word' id='word_1_110' title='bbox 588 1367 745 1421; x_wconf 81' lang='lat' dir='ltr'>exardescit:</span> <span class='ocrx_word' id='word_1_111' title='bbox 764 1365 841 1420; x_wconf 93' lang='lat' dir='ltr'>libido</span> <span class='ocrx_word' id='word_1_112' title='bbox 853 1366 1002 1419; x_wconf 88' lang='lat' dir='ltr'>concitatur.</span> <span class='ocrx_word' id='word_1_113' title='bbox 1034 1366 1067 1419; x_wconf 94' lang='lat' dir='ltr'>In</span> 
     </span>
     <span class='ocr_line' id='line_1_15' title="bbox 273 1440 1068 1511; baseline 0 -16"><span class='ocrx_word' id='word_1_114' title='bbox 273 1440 386 1495; x_wconf 86' lang='lat' dir='ltr'>eamdem</span> <span class='ocrx_word' id='word_1_115' title='bbox 407 1460 489 1495; x_wconf 89' lang='lat' dir='ltr'>arcem</span> <span class='ocrx_word' id='word_1_116' title='bbox 508 1443 705 1511; x_wconf 84' lang='lat' dir='ltr'>confugiendum</span> <span class='ocrx_word' id='word_1_117' title='bbox 726 1446 781 1496; x_wconf 80' lang='lat' dir='ltr'>est:</span> <span class='ocrx_word' id='word_1_118' title='bbox 809 1441 896 1495; x_wconf 87' lang='lat' dir='ltr'>eadem</span> <span class='ocrx_word' id='word_1_119' title='bbox 916 1445 977 1495; x_wconf 91' lang='lat' dir='ltr'>sunt</span> <span class='ocrx_word' id='word_1_120' title='bbox 997 1459 1068 1495; x_wconf 88' lang='lat' dir='ltr'>arma</span> 
     </span>
     <span class='ocr_line' id='line_1_16' title="bbox 273 1516 1067 1588; baseline 0 -19"><span class='ocrx_word' id='word_1_121' title='bbox 273 1516 402 1570; x_wconf 88' lang='lat' dir='ltr'>sumenda.</span> <span class='ocrx_word' id='word_1_122' title='bbox 440 1516 490 1570; x_wconf 87' lang='lat' dir='ltr'>Sed</span> <span class='ocrx_word' id='word_1_123' title='bbox 502 1517 619 1587; x_wconf 89' lang='lat' dir='ltr'>quoniam</span> <span class='ocrx_word' id='word_1_124' title='bbox 636 1517 668 1571; x_wconf 89' lang='lat' dir='ltr'>de</span> <span class='ocrx_word' id='word_1_125' title='bbox 681 1517 767 1572; x_wconf 90' lang='lat' dir='ltr'>dolore</span> <span class='ocrx_word' id='word_1_126' title='bbox 784 1517 918 1588; x_wconf 89' lang='lat' dir='ltr'>loquimur,</span> <span class='ocrx_word' id='word_1_127' title='bbox 932 1516 975 1570; x_wconf 84' lang='lat' dir='ltr'>illa</span> <span class='ocrx_word' id='word_1_128' title='bbox 992 1518 1067 1570; x_wconf 89' lang='lat' dir='ltr'>omit-</span> 
     </span>
     <span class='ocr_line' id='line_1_17' title="bbox 273 1590 1067 1663; baseline 0.003 -18"><span class='ocrx_word' id='word_1_129' title='bbox 273 1595 364 1645; x_wconf 87' lang='lat' dir='ltr'>tamus.</span> <span class='ocrx_word' id='word_1_130' title='bbox 401 1590 442 1645; x_wconf 86' lang='lat' dir='ltr'>Ad</span> <span class='ocrx_word' id='word_1_131' title='bbox 454 1591 585 1646; x_wconf 84' lang='lat' dir='ltr'>ferendum</span> <span class='ocrx_word' id='word_1_132' title='bbox 603 1593 684 1663; x_wconf 88' lang='lat' dir='ltr'>igitur</span> <span class='ocrx_word' id='word_1_133' title='bbox 700 1593 810 1647; x_wconf 88' lang='lat' dir='ltr'>dolorem</span> <span class='ocrx_word' id='word_1_134' title='bbox 827 1592 924 1663; x_wconf 84' lang='lat' dir='ltr'>placide</span> <span class='ocrx_word' id='word_1_135' title='bbox 936 1595 962 1646; x_wconf 91' lang='lat' dir='ltr'>et</span> <span class='ocrx_word' id='word_1_136' title='bbox 979 1592 1067 1647; x_wconf 85' lang='lat' dir='ltr'>sedate</span> 
     </span>
     <span class='ocr_line' id='line_1_18' title="bbox 272 1666 1067 1738; baseline 0.001 -18"><span class='ocrx_word' id='word_1_137' title='bbox 272 1666 408 1736; x_wconf 86' lang='lat' dir='ltr'>plurimum</span> <span class='ocrx_word' id='word_1_138' title='bbox 432 1667 540 1736; x_wconf 85' lang='lat' dir='ltr'>proficit,</span> <span class='ocrx_word' id='word_1_139' title='bbox 563 1670 619 1723; x_wconf 88' lang='lat' dir='ltr'>toto</span> <span class='ocrx_word' id='word_1_140' title='bbox 643 1672 754 1737; x_wconf 87' lang='lat' dir='ltr'>pectore,</span> <span class='ocrx_word' id='word_1_141' title='bbox 775 1673 805 1722; x_wconf 88' lang='lat' dir='ltr'>ut</span> <span class='ocrx_word' id='word_1_142' title='bbox 826 1668 926 1734; x_wconf 80' lang='lat' dir='ltr'>dicitm,</span> <span class='ocrx_word' id='word_1_143' title='bbox 947 1668 1067 1738; x_wconf 85' lang='lat' dir='ltr'>cogitare,</span> 
     </span>
     <span class='ocr_line' id='line_1_19' title="bbox 273 1742 1067 1812; baseline 0.003 -16"><span class='ocrx_word' id='word_1_144' title='bbox 273 1760 348 1812; x_wconf 87' lang='lat' dir='ltr'>quam</span> <span class='ocrx_word' id='word_1_145' title='bbox 364 1742 391 1796; x_wconf 93' lang='lat' dir='ltr'>id</span> <span class='ocrx_word' id='word_1_146' title='bbox 409 1743 544 1797; x_wconf 91' lang='lat' dir='ltr'>honestum</span> <span class='ocrx_word' id='word_1_147' title='bbox 565 1744 608 1798; x_wconf 89' lang='lat' dir='ltr'>sit.</span> <span class='ocrx_word' id='word_1_148' title='bbox 646 1745 739 1798; x_wconf 86' lang='lat' dir='ltr'>Sumus</span> <span class='ocrx_word' id='word_1_149' title='bbox 757 1746 823 1799; x_wconf 88' lang='lat' dir='ltr'>enim</span> <span class='ocrx_word' id='word_1_150' title='bbox 841 1748 940 1808; x_wconf 84' lang='lat' dir='ltr'>natura,</span> <span class='ocrx_word' id='word_1_151' title='bbox 959 1748 989 1797; x_wconf 90' lang='lat' dir='ltr'>ut</span> <span class='ocrx_word' id='word_1_152' title='bbox 1007 1749 1067 1799; x_wconf 86' lang='lat' dir='ltr'>aute</span> 
     </span>
     <span class='ocr_line' id='line_1_20' title="bbox 273 1817 1067 1890; baseline 0.003 -18"><span class='ocrx_word' id='word_1_153' title='bbox 273 1818 332 1882; x_wconf 78' lang='lat' dir='ltr'>dixi,</span> <span class='ocrx_word' id='word_1_154' title='bbox 345 1817 489 1887; x_wconf 90' lang='lat' dir='ltr'>(dicendum</span> <span class='ocrx_word' id='word_1_155' title='bbox 502 1826 542 1873; x_wconf 87' lang='lat' dir='ltr'>est</span> <span class='ocrx_word' id='word_1_156' title='bbox 554 1820 621 1875; x_wconf 90' lang='lat' dir='ltr'>enim</span> <span class='ocrx_word' id='word_1_157' title='bbox 634 1820 746 1890; x_wconf 85' lang='lat' dir='ltr'>saepius),</span> <span class='ocrx_word' id='word_1_158' title='bbox 757 1819 935 1874; x_wconf 87' lang='lat' dir='ltr'>studiosissimi</span> <span class='ocrx_word' id='word_1_159' title='bbox 947 1824 1067 1889; x_wconf 84' lang='lat' dir='ltr'>appeten-</span> 
     </span>
     <span class='ocr_line' id='line_1_21' title="bbox 273 1895 1067 1967; baseline 0.003 -19"><span class='ocrx_word' id='word_1_160' title='bbox 273 1895 415 1966; x_wconf 86' lang='lat' dir='ltr'>tissimique</span> <span class='ocrx_word' id='word_1_161' title='bbox 433 1895 582 1951; x_wconf 88' lang='lat' dir='ltr'>honestatis.</span> <span class='ocrx_word' id='word_1_162' title='bbox 619 1896 701 1965; x_wconf 83' lang='lat' dir='ltr'>Cujus</span> <span class='ocrx_word' id='word_1_163' title='bbox 722 1896 745 1950; x_wconf 87' lang='lat' dir='ltr'>si</span> <span class='ocrx_word' id='word_1_164' title='bbox 767 1896 839 1967; x_wconf 86' lang='lat' dir='ltr'>quasi</span> <span class='ocrx_word' id='word_1_165' title='bbox 859 1896 946 1949; x_wconf 89' lang='lat' dir='ltr'>lumen</span> <span class='ocrx_word' id='word_1_166' title='bbox 965 1896 1067 1967; x_wconf 85' lang='lat' dir='ltr'>aliquod</span> 
     </span>
     <span class='ocr_line' id='line_1_22' title="bbox 273 1972 1068 2044; baseline 0.001 -19"><span class='ocrx_word' id='word_1_167' title='bbox 273 1972 455 2042; x_wconf 89' lang='lat' dir='ltr'>aspexerimus,</span> <span class='ocrx_word' id='word_1_168' title='bbox 468 1972 530 2026; x_wconf 93' lang='lat' dir='ltr'>nihil</span> <span class='ocrx_word' id='word_1_169' title='bbox 542 1976 590 2036; x_wconf 88' lang='lat' dir='ltr'>est,</span> <span class='ocrx_word' id='word_1_170' title='bbox 600 1972 676 2044; x_wconf 90' lang='lat' dir='ltr'>qnod,</span> <span class='ocrx_word' id='word_1_171' title='bbox 690 1976 720 2026; x_wconf 90' lang='lat' dir='ltr'>ut</span> <span class='ocrx_word' id='word_1_172' title='bbox 733 1990 763 2026; x_wconf 89' lang='lat' dir='ltr'>eo</span> <span class='ocrx_word' id='word_1_173' title='bbox 775 1972 909 2041; x_wconf 85' lang='lat' dir='ltr'>potiamur,</span> <span class='ocrx_word' id='word_1_174' title='bbox 921 1990 973 2025; x_wconf 89' lang='lat' dir='ltr'>uon</span> <span class='ocrx_word' id='word_1_175' title='bbox 986 1972 1068 2041; x_wconf 81' lang='lat' dir='ltr'>parati</span> 
     </span>
     <span class='ocr_line' id='line_1_23' title="bbox 273 2047 1068 2119; baseline 0.003 -18"><span class='ocrx_word' id='word_1_176' title='bbox 273 2048 353 2101; x_wconf 87' lang='lat' dir='ltr'>simus</span> <span class='ocrx_word' id='word_1_177' title='bbox 369 2052 396 2102; x_wconf 91' lang='lat' dir='ltr'>et</span> <span class='ocrx_word' id='word_1_178' title='bbox 408 2048 474 2103; x_wconf 85' lang='lat' dir='ltr'>terre</span> <span class='ocrx_word' id='word_1_179' title='bbox 487 2052 513 2103; x_wconf 88' lang='lat' dir='ltr'>et</span> <span class='ocrx_word' id='word_1_180' title='bbox 529 2049 636 2119; x_wconf 88' lang='lat' dir='ltr'>perpeti.</span> <span class='ocrx_word' id='word_1_181' title='bbox 675 2048 714 2102; x_wconf 83' lang='lat' dir='ltr'>Ex</span> <span class='ocrx_word' id='word_1_182' title='bbox 729 2048 778 2102; x_wconf 90' lang='lat' dir='ltr'>hoc</span> <span class='ocrx_word' id='word_1_183' title='bbox 790 2065 867 2102; x_wconf 89' lang='lat' dir='ltr'>cursu</span> <span class='ocrx_word' id='word_1_184' title='bbox 878 2051 955 2118; x_wconf 88' lang='lat' dir='ltr'>atque</span> <span class='ocrx_word' id='word_1_185' title='bbox 969 2047 1068 2117; x_wconf 88' lang='lat' dir='ltr'>impetu</span> 
     </span>
     <span class='ocr_line' id='line_1_24' title="bbox 273 2123 1067 2195; baseline 0.003 -19"><span class='ocrx_word' id='word_1_186' title='bbox 273 2124 410 2178; x_wconf 88' lang='lat' dir='ltr'>animorum</span> <span class='ocrx_word' id='word_1_187' title='bbox 425 2125 457 2179; x_wconf 88' lang='lat' dir='ltr'>ad</span> <span class='ocrx_word' id='word_1_188' title='bbox 468 2143 552 2178; x_wconf 86' lang='lat' dir='ltr'>veram</span> <span class='ocrx_word' id='word_1_189' title='bbox 569 2124 669 2179; x_wconf 91' lang='lat' dir='ltr'>laudem</span> <span class='ocrx_word' id='word_1_190' title='bbox 683 2130 759 2195; x_wconf 88' lang='lat' dir='ltr'>atque</span> <span class='ocrx_word' id='word_1_191' title='bbox 771 2123 930 2177; x_wconf 85' lang='lat' dir='ltr'>honestatem</span> <span class='ocrx_word' id='word_1_192' title='bbox 947 2123 990 2176; x_wconf 84' lang='lat' dir='ltr'>illa</span> <span class='ocrx_word' id='word_1_193' title='bbox 1002 2124 1067 2193; x_wconf 90' lang='lat' dir='ltr'>peri·</span> 
     </span>
     <span class='ocr_line' id='line_1_25' title="bbox 273 2199 1068 2270; baseline 0.001 -18"><span class='ocrx_word' id='word_1_194' title='bbox 273 2200 329 2253; x_wconf 87' lang='lat' dir='ltr'>cula</span> <span class='ocrx_word' id='word_1_195' title='bbox 347 2199 473 2253; x_wconf 87' lang='lat' dir='ltr'>adeuntur</span> <span class='ocrx_word' id='word_1_196' title='bbox 491 2201 518 2253; x_wconf 96' lang='lat' dir='ltr'>in</span> <span class='ocrx_word' id='word_1_197' title='bbox 538 2200 646 2270; x_wconf 86' lang='lat' dir='ltr'>praeliis;</span> <span class='ocrx_word' id='word_1_198' title='bbox 671 2219 723 2254; x_wconf 93' lang='lat' dir='ltr'>non</span> <span class='ocrx_word' id='word_1_199' title='bbox 740 2200 854 2254; x_wconf 89' lang='lat' dir='ltr'>sentiunt</span> <span class='ocrx_word' id='word_1_200' title='bbox 872 2199 920 2253; x_wconf 88' lang='lat' dir='ltr'>viri</span> <span class='ocrx_word' id='word_1_201' title='bbox 939 2199 1019 2253; x_wconf 83' lang='lat' dir='ltr'>sortes</span> <span class='ocrx_word' id='word_1_202' title='bbox 1041 2201 1068 2253; x_wconf 92' lang='lat' dir='ltr'>in</span> 
     </span>
     <span class='ocr_line' id='line_1_26' title="bbox 273 2274 1067 2345; baseline 0.001 -19"><span class='ocrx_word' id='word_1_203' title='bbox 273 2274 326 2328; x_wconf 80' lang='lat' dir='ltr'>acie</span> <span class='ocrx_word' id='word_1_204' title='bbox 339 2275 442 2328; x_wconf 85' lang='lat' dir='ltr'>vulnera</span> <span class='ocrx_word' id='word_1_205' title='bbox 455 2274 502 2339; x_wconf 88' lang='lat' dir='ltr'>vel,</span> <span class='ocrx_word' id='word_1_206' title='bbox 516 2277 537 2328; x_wconf 91' lang='lat' dir='ltr'>si</span> <span class='ocrx_word' id='word_1_207' title='bbox 554 2276 676 2340; x_wconf 88' lang='lat' dir='ltr'>sentiunt,</span> <span class='ocrx_word' id='word_1_208' title='bbox 690 2294 717 2329; x_wconf 89' lang='lat' dir='ltr'>se</span> <span class='ocrx_word' id='word_1_209' title='bbox 729 2275 794 2329; x_wconf 88' lang='lat' dir='ltr'>mori</span> <span class='ocrx_word' id='word_1_210' title='bbox 805 2274 909 2338; x_wconf 85' lang='lat' dir='ltr'>malunt,</span> <span class='ocrx_word' id='word_1_211' title='bbox 923 2292 998 2345; x_wconf 86' lang='lat' dir='ltr'>quam</span> <span class='ocrx_word' id='word_1_212' title='bbox 1010 2278 1067 2327; x_wconf 90' lang='lat' dir='ltr'>tan-</span> 
     </span>
     <span class='ocr_line' id='line_1_27' title="bbox 233 2348 1066 2420; baseline 0.005 -21"><span class='ocrx_word' id='word_1_213' title='bbox 233 2348 355 2402; x_wconf 75' lang='lat' dir='ltr'>totilum</span> <span class='ocrx_word' id='word_1_214' title='bbox 368 2352 443 2403; x_wconf 87' lang='lat' dir='ltr'>modo</span> <span class='ocrx_word' id='word_1_215' title='bbox 456 2349 488 2403; x_wconf 95' lang='lat' dir='ltr'>de</span> <span class='ocrx_word' id='word_1_216' title='bbox 505 2350 636 2419; x_wconf 87' lang='lat' dir='ltr'>dignitatis</span> <span class='ocrx_word' id='word_1_217' title='bbox 655 2351 737 2420; x_wconf 81' lang='lat' dir='ltr'>gradu</span> <span class='ocrx_word' id='word_1_218' title='bbox 754 2350 889 2405; x_wconf 85' lang='lat' dir='ltr'>demoveri.</span> <span class='ocrx_word' id='word_1_219' title='bbox 926 2350 1066 2419; x_wconf 85' lang='lat' dir='ltr'>Fulgentes</span> 
     </span>
     <span class='ocr_line' id='line_1_28' title="bbox 273 2423 1066 2497; baseline 0.003 -20"><span class='ocrx_word' id='word_1_220' title='bbox 273 2423 370 2494; x_wconf 84' lang='lat' dir='ltr'>gladios</span> <span class='ocrx_word' id='word_1_221' title='bbox 388 2425 500 2479; x_wconf 89' lang='lat' dir='ltr'>hostium</span> <span class='ocrx_word' id='word_1_222' title='bbox 512 2425 631 2479; x_wconf 84' lang='lat' dir='ltr'>videbant</span> <span class='ocrx_word' id='word_1_223' title='bbox 647 2426 728 2490; x_wconf 86' lang='lat' dir='ltr'>Decii,</span> <span class='ocrx_word' id='word_1_224' title='bbox 743 2446 820 2497; x_wconf 90' lang='lat' dir='ltr'>quum</span> <span class='ocrx_word' id='word_1_225' title='bbox 837 2427 865 2479; x_wconf 94' lang='lat' dir='ltr'>in</span> <span class='ocrx_word' id='word_1_226' title='bbox 882 2425 960 2479; x_wconf 87' lang='lat' dir='ltr'>aciem</span> <span class='ocrx_word' id='word_1_227' title='bbox 979 2444 1066 2479; x_wconf 90' lang='lat' dir='ltr'>eorum</span> 
     </span>
     <span class='ocr_line' id='line_1_29' title="bbox 273 2499 1066 2556; baseline 0.005 -5"><span class='ocrx_word' id='word_1_228' title='bbox 273 2499 411 2554; x_wconf 88' lang='lat' dir='ltr'>irruebant.</span> <span class='ocrx_word' id='word_1_229' title='bbox 448 2501 498 2555; x_wconf 88' lang='lat' dir='ltr'>His</span> <span class='ocrx_word' id='word_1_230' title='bbox 519 2500 618 2555; x_wconf 85' lang='lat' dir='ltr'>levabat</span> <span class='ocrx_word' id='word_1_231' title='bbox 638 2519 737 2556; x_wconf 90' lang='lat' dir='ltr'>omnem</span> <span class='ocrx_word' id='word_1_232' title='bbox 756 2503 886 2556; x_wconf 86' lang='lat' dir='ltr'>vulnerum</span> <span class='ocrx_word' id='word_1_233' title='bbox 909 2506 1005 2555; x_wconf 89' lang='lat' dir='ltr'>metum</span> <span class='ocrx_word' id='word_1_234' title='bbox 1023 2520 1066 2555; x_wconf 88' lang='lat' dir='ltr'>no-</span> 
     </span>
     <span class='ocr_line' id='line_1_30' title="bbox 274 2572 1067 2647; baseline 0.005 -21"><span class='ocrx_word' id='word_1_235' title='bbox 274 2572 358 2628; x_wconf 88' lang='lat' dir='ltr'>bilitas</span> <span class='ocrx_word' id='word_1_236' title='bbox 376 2577 465 2630; x_wconf 89' lang='lat' dir='ltr'>mortis</span> <span class='ocrx_word' id='word_1_237' title='bbox 484 2581 510 2631; x_wconf 91' lang='lat' dir='ltr'>et</span> <span class='ocrx_word' id='word_1_238' title='bbox 529 2577 617 2647; x_wconf 87' lang='lat' dir='ltr'>gloria.</span> <span class='ocrx_word' id='word_1_239' title='bbox 654 2578 724 2632; x_wconf 89' lang='lat' dir='ltr'>Num</span> <span class='ocrx_word' id='word_1_240' title='bbox 743 2581 773 2631; x_wconf 93' lang='lat' dir='ltr'>tu</span> <span class='ocrx_word' id='word_1_241' title='bbox 793 2578 946 2647; x_wconf 91' lang='lat' dir='ltr'>ingemuisse</span> <span class='ocrx_word' id='word_1_242' title='bbox 964 2578 1067 2646; x_wconf 82' lang='lat' dir='ltr'>Epami-</span> 
     </span>
     <span class='ocr_line' id='line_1_31' title="bbox 273 2650 1066 2723; baseline 0.005 -21"><span class='ocrx_word' id='word_1_243' title='bbox 273 2650 382 2705; x_wconf 88' lang='lat' dir='ltr'>nondam</span> <span class='ocrx_word' id='word_1_244' title='bbox 401 2657 484 2721; x_wconf 88' lang='lat' dir='ltr'>putas‚</span> <span class='ocrx_word' id='word_1_245' title='bbox 498 2672 575 2722; x_wconf 91' lang='lat' dir='ltr'>quum</span> <span class='ocrx_word' id='word_1_246' title='bbox 592 2672 718 2708; x_wconf 87' lang='lat' dir='ltr'>unacum</span> <span class='ocrx_word' id='word_1_247' title='bbox 736 2654 858 2723; x_wconf 86' lang='lat' dir='ltr'>sanguine</span> <span class='ocrx_word' id='word_1_248' title='bbox 870 2652 948 2706; x_wconf 81' lang='lat' dir='ltr'>vitam</span> <span class='ocrx_word' id='word_1_249' title='bbox 966 2654 1066 2707; x_wconf 87' lang='lat' dir='ltr'>effluere</span> 
     </span>
     <span class='ocr_line' id='line_1_32' title="bbox 273 2727 1066 2798; baseline 0.006 -21"><span class='ocrx_word' id='word_1_250' title='bbox 273 2727 399 2783; x_wconf 74' lang='lat' dir='ltr'>sentiret?</span> <span class='ocrx_word' id='word_1_251' title='bbox 430 2730 600 2798; x_wconf 86' lang='lat' dir='ltr'>Imperantem</span> <span class='ocrx_word' id='word_1_252' title='bbox 616 2731 683 2783; x_wconf 90' lang='lat' dir='ltr'>enim</span> <span class='ocrx_word' id='word_1_253' title='bbox 699 2730 806 2797; x_wconf 87' lang='lat' dir='ltr'>patriam</span> <span class='ocrx_word' id='word_1_254' title='bbox 818 2729 1015 2783; x_wconf 85' lang='lat' dir='ltr'>Lacedaemoniis</span> <span class='ocrx_word' id='word_1_255' title='bbox 1028 2747 1066 2782; x_wconf 88' lang='lat' dir='ltr'>re-</span> 
     </span>
     <span class='ocr_line' id='line_1_33' title="bbox 261 2798 1065 2877; baseline 0.004 -22"><span class='ocrx_word' id='word_1_256' title='bbox 261 2798 404 2871; x_wconf 76' lang='lat' dir='ltr'>linquebat,</span> <span class='ocrx_word' id='word_1_257' title='bbox 417 2823 492 2877; x_wconf 82' lang='lat' dir='ltr'>qnam</span> <span class='ocrx_word' id='word_1_258' title='bbox 504 2810 636 2877; x_wconf 83' lang='lat' dir='ltr'>acceperat</span> <span class='ocrx_word' id='word_1_259' title='bbox 646 2805 805 2860; x_wconf 79' lang='lat' dir='ltr'>servientem.</span> <span class='ocrx_word' id='word_1_260' title='bbox 826 2806 889 2859; x_wconf 84' lang='lat' dir='ltr'>Hoee</span> <span class='ocrx_word' id='word_1_261' title='bbox 899 2809 959 2858; x_wconf 88' lang='lat' dir='ltr'>sunt</span> <span class='ocrx_word' id='word_1_262' title='bbox 968 2804 1065 2868; x_wconf 86' lang='lat' dir='ltr'>solatia,</span> 
     </span>
    </p>
   </div>
   <div class='ocr_carea' id='block_1_3' title="bbox 248 2867 764 2941">
    <p class='ocr_par' dir='ltr' id='par_1_5' title="bbox 248 2867 764 2941">
     <span class='ocr_line' id='line_1_34' title="bbox 248 2867 764 2941; baseline 0.008 -10"><span class='ocrx_word' id='word_1_263' title='bbox 248 2867 308 2925; x_wconf 71' lang='lat' dir='ltr'>haee</span> <span class='ocrx_word' id='word_1_264' title='bbox 318 2876 439 2939; x_wconf 72' lang='lat' dir='ltr'>omenta</span> <span class='ocrx_word' id='word_1_265' title='bbox 450 2902 620 2941; x_wconf 86' lang='lat' dir='ltr'>summorum</span> <span class='ocrx_word' id='word_1_266' title='bbox 633 2883 764 2940; x_wconf 88' lang='lat' dir='ltr'>dolorum.</span> 
     </span>
    </p>
   </div>
   <div class='ocr_carea' id='block_1_4' title="bbox 0 0 1322 3367">
    <p class='ocr_par' dir='ltr' id='par_1_6' title="bbox 0 0 1322 3367">
     <span class='ocr_line' id='line_1_35' title="bbox 0 0 1322 3367; baseline 0 0"><span class='ocrx_word' id='word_1_267' title='bbox 0 0 1322 3367; x_wconf 95' lang='lat' dir='ltr'> </span> 
     </span>
    </p>
   </div>
  </div>
 </body>
</html>
