2634 3367
305 354 336 405 70
440 353 636 404 TUSCULAN.
654 352 951 401 DISPUTATIONUM

304 464 374 534 pati:
396 481 444 519 nec
460 482 521 519 vero
539 464 671 536 quisquam
689 462 747 529 fnit,
766 464 892 534 quicum,
911 463 955 533 qui
972 462 1009 517 ita
1026 465 1097 533 pate·

305 544 383 605 retur,
393 558 445 594 non
455 539 609 594 laudandum
621 542 731 610 putaret
755 539 832 599 Quod
844 542 940 609 ergoet
953 539 1097 609 postulatur

305 615 453 681 sfortibus,
471 620 498 670 et
520 615 645 681 laudatur,
665 634 744 687 quum
763 616 800 680 fit,
822 615 848 670 id
867 619 912 669 aut
933 615 1097 671 extimescere

305 692 416 757 veniens,
428 696 474 746 sut
488 709 540 746 non
551 692 618 747 serre
633 710 752 763 presens,
767 709 850 745 nonne
866 696 942 761 turpe
953 693 1012 746 est?
1049 693 1097 746 At·

305 768 349 839 qui
364 767 429 835 vide,
443 786 483 832 ne,
498 786 576 839 quum
593 786 681 823 omnes
698 772 774 823 rectoe
792 767 869 821 anirni
886 768 1031 822 affectiones
1048 771 1098 823 vir·

304 848 374 899 tutes
386 844 551 915 appellentur,
561 862 613 899 non
624 844 659 898 sit
671 843 720 897 hoc
731 844 861 913 proprium
872 861 964 898 nomen
976 844 1096 909 omnium,

304 919 350 975 sed
362 920 393 975 ab
405 938 442 985 es,
456 938 512 991 quic
527 938 579 974 una
594 920 686 975 ceteris
698 919 844 984 expellebat,
857 937 945 974 omnes
961 920 1097 975 nominatae

304 997 365 1051 siut.
401 996 535 1068 Appellsta
552 1002 593 1052 est
613 997 681 1051 enim
701 1015 734 1051 ex
751 996 806 1051 viro
824 995 920 1049 virtus:
945 995 993 1050 riri
1011 1000 1097 1050 autem

304 1073 407 1143 propria
419 1074 527 1128 maxime
539 1078 579 1127 est
590 1072 723 1127 fortitudo.
760 1072 840 1142 Cujus
857 1090 962 1125 munera
973 1071 1023 1125 duo
1036 1076 1097 1126 sunt

305 1150 414 1205 maxima
433 1150 523 1205 mortis
543 1148 687 1219 dolorisque
704 1148 868 1218 contemptio.
903 1146 1035 1201 Utendum
1056 1150 1096 1202 est

304 1227 384 1298 igitur
401 1227 449 1292 his,
468 1228 491 1282 si
507 1226 610 1281 virtutis
628 1232 766 1295 compotes,
785 1226 825 1280 vel
846 1224 930 1295 potins
949 1224 972 1278 si
988 1224 1035 1278 viri
1053 1242 1097 1278 vo·

303 1301 387 1358 lumus
399 1321 462 1367 esse,
477 1302 593 1373 quoniam
611 1302 698 1356 avitis
711 1302 792 1356 virtus
807 1318 899 1354 nomen
910 1303 950 1354 est
966 1303 1091 1354 mutuata.

304 1379 411 1436 Quaeres
434 1377 621 1447 fortasseque
644 1376 734 1431 modo:
760 1380 786 1431 et
809 1380 886 1431 recte.
922 1375 1008 1430 Talem
1028 1378 1096 1430 enim

303 1453 452 1508 medicinam
464 1451 622 1522 philosophis
633 1452 774 1521 profitetur.

264 1533 296 1578 44
338 1528 413 1582 XIX.
431 1527 510 1582 Venit
519 1526 653 1596 Epicurus,
662 1527 737 1582 homo
749 1527 851 1582 minime
863 1528 951 1592 malus,
962 1528 1001 1583 vel
1010 1527 1096 1598 potius

303 1603 476 1673 viroptimus:
494 1606 595 1657 tantum
606 1607 701 1667 monet,
712 1607 835 1675 quantum
844 1604 978 1675 intelligit:
999 1610 1015 1634 “
1024 1605 1095 1675 Neg-

303 1678 361 1749 lige,
382 1678 474 1749 inquit,
494 1677 629 1732 dolorem.'’
670 1679 736 1738 Quis
760 1679 808 1734 hoc
829 1679 909 1734 dicit?
949 1680 1028 1745 Idem,
1051 1682 1095 1751 qui

303 1754 414 1809 dolorem
437 1772 563 1809 summum
587 1754 689 1809 malum.
725 1755 778 1810 Vix
798 1756 860 1811 satis
884 1760 1030 1811 constanter
1051 1776 1095 1812 su·

304 1830 410 1886 dinmns.
446 1831 475 1887 si
490 1849 603 1885 summus
616 1829 687 1885 dolor
698 1834 746 1897 est,
759 1832 850 1902 inquit,
863 1849 966 1886 necesse
982 1837 1022 1887 est
1039 1833 1095 1888 bre·

303 1926 360 1965 vem
372 1926 435 1964 esse.

529 1984 653 2033 Iteradum
664 1985 747 2032 eadem
759 1985 805 2032 ista
815 1985 849 2031 mi
857 1988 863 2033 l

303 2078 355 2116 non
366 2062 435 2116 enim
446 2061 509 2116 satis
526 2059 648 2131 intelligo,
662 2059 723 2132 quid
738 2078 864 2114 summum
876 2058 944 2114 dicas
956 2077 1019 2124 esse,
1033 2060 1095 2132 quid

305 2136 386 2193 breve.
423 2138 586 2201 “Summum,
602 2155 653 2207 quo
669 2136 732 2191 nihil
747 2135 780 2189 sit
797 2136 927 2203 superius:
949 2145 1094 2207 breveque

303 2212 366 2266 nihil
377 2212 504 2267 brevius.’'
541 2213 684 2267 Contemno
696 2210 894 2283 magnitudinem
908 2209 1007 2279 doloris,
1017 2229 1032 2265 a
1044 2230 1095 2282 qua

302 2305 344 2341 me
361 2287 472 2342 brevitas
489 2286 611 2356 temporis
628 2285 766 2342 vindicabit
783 2290 843 2341 ante
860 2304 938 2357 pane,
958 2304 1033 2357 quam
1051 2306 1094 2342 ve·

302 2361 376 2416 nerit.
414 2367 430 2390 “
440 2360 497 2427 Sed,
510 2362 532 2415 si
544 2367 583 2415 est
595 2365 683 2415 tantus
695 2361 772 2430 dolor,
786 2365 895 2433 quantus
907 2361 1056 2417 Philocteta
1066 2365 1094 2417 t”

303 2437 381 2492 Bene.
416 2436 495 2492 Plane
512 2454 619 2506 magnus
636 2437 699 2491 mihi
715 2437 815 2509 quidem
828 2437 935 2503 videtur,
949 2437 993 2492 sed
1007 2446 1094 2494 tamen

302 2530 354 2567 non
365 2530 494 2567 summus:
512 2512 576 2566 nihil
586 2512 652 2566 enim
665 2512 741 2579 dolet,
751 2514 800 2568 nisi
809 2532 861 2583 pes.
886 2514 998 2568 Possunt
1010 2515 1093 2569 oculi:

302 2591 387 2659 potest
399 2591 483 2658 caput,
495 2588 581 2653 latera,
594 2588 741 2658 pulmones:
759 2594 866 2660 possunt
878 2589 967 2644 omnia
1003 2590 1093 2660 Longe

301 2664 382 2735 igitur
404 2664 476 2720 abest
500 2682 515 2717 a
538 2682 637 2719 summo
658 2664 751 2721 dolore.
789 2672 805 2695 “
814 2667 891 2737 Ergo,
911 2666 1002 2736 inquit,
1022 2667 1094 2721 dolor

255 2740 437 2795 {Minturnas
455 2740 533 2795 habet
550 2740 645 2795 laetitiae
662 2740 726 2811 plns,
742 2760 816 2811 quem
832 2741 978 2796 molestiae.''
1015 2742 1094 2798 Nunc

276 2827 332 2877 eeo
340 2831 398 2868 non
407 2834 526 2885 possum,
543 2822 648 2874 tantum
664 2817 794 2874 hominem
807 2816 873 2872 nihil
884 2835 983 2885 sapere,
992 2817 1092 2874 dicere:

255 2883 317 2936 δαί
326 2903 384 2943 nos
401 2891 438 2947 ab
457 2913 493 2953 eo
510 2896 633 2956 derideri
657 2902 735 2973 puto.
769 2896 833 2967 Ego
850 2909 982 2949 summurn
996 2889 1111 2943 dolorem
