2634 3367
283 328 315 375 86
423 327 936 378 TUSCULAN.DISPUTATIONUM

283 441 405 493 suerunt:
429 438 559 493 Priamum
576 442 649 494 tanta
670 438 790 509 progenie
808 438 933 506 orbatum,
952 457 1029 510 quum
1051 442 1058 496 i

283 532 352 568 aram
363 514 528 585 confugisset,
537 514 636 569 hostilis
648 533 738 569 manus
751 516 888 570 interemit.
915 516 967 570 Hie
979 517 1002 571 si
1014 517 1058 572 viu

282 590 347 656 filiis,
360 590 480 646 ineolumi
491 608 570 662 regno
582 590 732 657 oeoidisset3

441 721 472 732 -
480 722 511 731 -
520 698 628 743 adstante
637 711 681 756 ope
690 698 812 745 btrbarioa

442 761 512 808 tectis
521 763 608 808 aulatis
618 762 746 821 ltqueatis:

281 857 367 911 utrum
385 854 488 910 tandem
505 873 521 909 a
537 854 618 922 bonis,
631 874 666 911 an
683 856 786 911 amalis
802 855 981 913 discessisset?
1011 860 1058 916 Tui

282 932 395 1002 profesto
404 931 533 987 videretur
545 951 560 987 a
571 932 651 987 bouis.
677 934 712 988 At
724 937 793 988 certe
802 933 826 988 ei
837 934 927 989 melius
939 937 1057 1005 evenisse

280 1026 328 1065 nee
339 1012 392 1064 tam
403 1006 523 1064 flebiliter
534 1008 578 1064 illa
589 1012 750 1075 canerentur,

440 1122 498 1169 Hac
507 1121 587 1169 omnia
595 1122 645 1169 vidi
655 1121 803 1177 inflammari,

394 1248 396 1250 ι
440 1187 536 1235 Priamo
546 1188 571 1233 vi
580 1188 656 1234 vitam
666 1186 758 1241 evitari,

440 1253 507 1299 Jovis
516 1253 581 1300 atram
591 1254 704 1310 sanguine
714 1251 814 1311 turpari.

280 1353 359 1418 Quasi
379 1370 439 1409 vero
456 1353 508 1407 ista
525 1353 551 1408 vi
571 1353 708 1423 quidquam
732 1356 788 1407 tum
806 1353 919 1423 potuerit
936 1355 960 1409 ei
985 1357 1058 1412 melin

279 1428 407 1484 accidere!
441 1428 520 1488 Quod
537 1428 560 1483 si
577 1432 637 1483 ante
653 1428 797 1493 oeeidisset,
809 1433 865 1483 tum
884 1436 1003 1485 eventum
1021 1451 1058 1488 om

278 1504 338 1559 nino
351 1504 491 1559 emmisset:
510 1504 559 1559 hoe
575 1507 663 1559 antem
678 1507 793 1575 tempora
804 1523 906 1560 sensum
920 1508 1005 1563 amisit
1021 1527 1058 1563 ma

238 1584 269 1632 86
279 1579 367 1635 lorum.
401 1580 523 1651 Pompeio
539 1584 628 1635 nostro
640 1580 764 1646 familiari,
778 1600 855 1651 quum
868 1583 982 1653 graviter
994 1603 1058 1657 agre

277 1660 358 1712 tasset
370 1656 487 1727 Neapoli,
497 1656 587 1712 melius
599 1660 639 1711 est
651 1657 756 1712 saetam.
781 1659 899 1712 Coronati
911 1660 1058 1731 Neapolitau

278 1732 397 1799 fueruut3
420 1733 539 1787 nimirum
556 1732 634 1787 etiam
651 1732 805 1798 Puteolani3
827 1734 905 1805 vulgo
923 1753 956 1789 ex
973 1737 1058 1808 oppidi

280 1809 376 1876 publice
399 1809 600 1880 gratulabantur.
649 1809 770 1879 Ineptum
800 1828 860 1865 sane
890 1812 1022 1881 negotium
1046 1832 1058 1868 e

279 1886 421 1941 Graculum
427 1909 435 1953 ;
459 1886 504 1942 sed
522 1890 608 1942 tamon
624 1885 792 1942 fortunatum.
829 1887 926 1941 Utrum
943 1888 1031 1958 igitur,
1051 1908 1058 1944 s

278 1970 331 2017 tum
353 1966 421 2019 esset
441 1964 590 2029 exstinctus,
609 1980 625 2018 a
645 1961 718 2017 bonis
738 1962 823 2029 rebus,
841 1980 908 2017 ana
928 1964 1000 2019 malis
1021 1966 1058 2020 dis

276 2040 414 2095 cessissett
449 2041 527 2096 Certe
547 2040 689 2095 amiseris.
724 2039 785 2093 Non
807 2038 875 2093 enim
899 2056 959 2093 eum
982 2058 1058 2096 socen

275 2114 369 2171 bellum
381 2117 518 2187 gessissem
536 2135 588 2172 uon
599 2117 738 2188 imparatus
750 2132 820 2170 arma
831 2116 999 2186 sumpsisset;
1019 2136 1058 2173 uo]

276 2190 378 2246 domum
398 2192 557 2263 reliquisset;
581 2210 632 2248 non
651 2211 683 2247 ex
703 2192 781 2247 Italia
797 2190 923 2262 fugisset3
949 2210 1009 2257 non,
1028 2211 1058 2248 ex

276 2268 358 2323 orcita
381 2268 481 2333 amisso,
502 2269 587 2324 nudus
610 2269 638 2323 in
661 2286 792 2323 servorum
815 2268 911 2323 ferrum
932 2273 959 2323 et
980 2287 1058 2324 manu

276 2342 423 2409 incidisset3
449 2362 500 2399 uon
523 2345 595 2399 liberi
616 2344 718 2409 defleti;
744 2361 796 2399 uon
816 2343 926 2399 fortuna
947 2364 1034 2401 omues
1056 2368 1058 2399 ι

275 2419 414 2475 viatoribus
430 2420 628 2491 possiderentur.
665 2421 722 2487 Qui,
735 2420 758 2475 si
773 2425 881 2475 mortem
897 2424 953 2475 tum
965 2422 1058 2477 obisset

274 2496 302 2551 in
313 2496 472 2567 amplissimis
483 2496 593 2551 fortunis
606 2496 756 2552 occidisset:
775 2496 797 2550 is
814 2498 996 2568 propagatione
1009 2499 1058 2554 vita

275 2577 345 2645 quot,
359 2577 474 2644 quantas,
486 2591 561 2644 quam
573 2572 732 2628 inmedibiles
744 2573 830 2627 hausit
842 2573 1016 2629 calamitates!

309 2650 435 2705 XXXVI.
454 2651 518 2707 Haeo
535 2655 617 2707 morte
634 2650 799 2722 effugiuntur,
812 2651 890 2705 etiam
907 2650 930 2704 si
946 2668 998 2705 non
1011 2668 1058 2706 eve

268 2720 366 2794 uenat
373 2731 459 2782 tamen
470 2728 530 2798 quia
537 2729 645 2798 possunt
656 2727 773 2782 evenire:
792 2726 837 2781 sed
850 2726 963 2780 homines
976 2744 1007 2781 ea
1020 2726 1059 2782 sib

249 2800 373 2855 aoeiilete
377 2821 463 2872 posse
475 2824 528 2862 non
541 2805 670 2881 eogitant.
694 2802 796 2862 Metelli
807 2806 892 2873 sperat
900 2801 951 2857 sihi
959 2803 1058 2873 queisque

227 2865 392 2934 mum:
406 2883 525 2954 penum
533 2886 614 2964 quasi
626 2890 678 2946 aut
690 2885 782 2967 plnres
790 2877 1055 2944 fortunatiimt,uuu
