2634 3367
279 333 327 383 162
413 331 925 383 TUSCULAN.DISPUTAT10NUM

279 441 394 511 Propriis
413 443 480 497 enim
500 443 527 496 et
551 441 604 496 suis
627 442 783 513 argumentis
806 444 834 497 et
857 442 1045 498 admonitionibr

279 517 412 571 tractanda
423 536 529 588 quaque
540 535 581 572 res
593 521 640 583 est,
654 522 727 574 tanta
738 520 886 589 prasertim.
923 518 994 573 Cave
1004 520 1045 574 eni

276 597 363 663 putes,
381 592 456 648 uliam
480 611 496 647 a
514 594 673 665 philosophia
689 612 776 650 vooem
797 595 914 649 emissem
931 594 1045 650 clariores

279 668 391 724 ullumve
401 686 456 723 esse
468 668 633 740 philosophiis
646 670 796 739 promissum
809 669 912 724 uberius
924 674 970 724 aut
982 672 1045 741 majo

279 744 348 801 Nam
361 745 421 816 quid
433 746 585 816 profitetur?
603 764 619 800 o
631 746 666 800 dii
678 746 754 803 bonit
775 788 778 794 .
790 746 967 801 Perfectum
979 765 1015 811 se,
1028 765 1044 818 q

279 820 378 892 legibus
390 822 444 876 suis
454 822 588 892 paruisset,
601 825 632 876 ιιι
643 827 712 877 esset
728 828 817 877 eontra
828 821 957 876 fortunam
972 840 1045 893 semp

279 900 399 961 armatus,
412 902 442 951 ut
453 897 538 952 omnia
549 896 665 967 presidia
676 896 781 952 haberet
791 898 820 951 in
830 914 858 951 se
870 896 935 952 bene
946 896 1045 969 beateqr

238 970 387 1036 20vivendi,
403 976 434 1027 ut
452 977 520 1028 esset
537 990 636 1042 semper
650 972 759 1043 denique
775 972 874 1028 beatu
912 972 963 1027 Sed
975 973 1045 1029 vider

279 1048 340 1118 quid
352 1048 450 1104 effioiat.
485 1049 618 1119 Tantisper
630 1048 678 1103 hoo
689 1050 774 1119 ipsum
785 1049 869 1119 magni
882 1049 991 1115 testimo,
1004 1067 1045 1121 qu<

278 1123 419 1194 pollioetur.
451 1124 520 1180 Nam
531 1125 629 1179 Xerxes
641 1123 743 1194 quidem
755 1124 864 1180 refertus
876 1124 997 1180 omnibus
1008 1144 1045 1196 pu

278 1202 336 1257 miis
353 1201 475 1274 donisque
492 1202 608 1266 fortunae,
626 1219 679 1256 non
696 1202 819 1271 equitatu,
836 1219 889 1256 non
909 1202 1045 1272 pedestribr

278 1277 365 1349 oopiis‚
387 1296 439 1333 nou
458 1278 559 1333 navium
576 1276 746 1342 multitudine,
764 1294 816 1332 uon
836 1277 936 1332 infinito
958 1278 1045 1348 ponder

278 1354 334 1408 auri
354 1358 497 1419 oontentus,
516 1353 645 1424 premium
666 1353 798 1424 proposuit
817 1352 848 1417 ei,
867 1353 913 1423 qui
929 1354 1045 1412 invenies

278 1445 368 1484 novam
385 1430 549 1499 voluptatem.
586 1429 646 1488 Qus
663 1429 719 1498 ipsa
737 1446 788 1484 non
805 1428 897 1484 fuisset
915 1434 1045 1486 oontentur

277 1505 439 1574 nequeenim
449 1522 569 1575 umquam
581 1505 656 1559 finem
669 1505 779 1560 inveniet
791 1503 876 1559 libido.
909 1505 968 1560 Nos
980 1506 1045 1562 velle

278 1580 381 1647 praemio
398 1580 488 1634 elisere
505 1598 644 1649 possemus,
664 1581 709 1651 qui
727 1580 799 1636 nobis
817 1579 913 1652 aliquid
931 1582 1045 1638 attulisse

277 1671 328 1725 quo
339 1656 387 1710 hoo
398 1655 494 1709 firmius
506 1655 673 1711 crederemus.

236 1740 266 1788 21
311 1729 390 1785 VIIL
408 1733 440 1785 A.
453 1731 551 1785 Vellem
569 1731 595 1786 id
613 1732 730 1803 quidem:
756 1731 801 1786 sed
819 1731 899 1786 habeo
918 1732 1045 1803 paullulum

276 1805 344 1877 quod
361 1807 495 1877 requiram.
530 1807 587 1877 Ego
604 1807 672 1861 enim
690 1808 820 1871 assentior,
840 1824 1009 1879 eorumquae
1025 1826 1045 1878 ps

275 1883 357 1948 suisti,
382 1883 490 1938 alterum
512 1883 586 1938 alteri
613 1900 769 1954 consequens
797 1900 860 1950 esse,
884 1887 923 1950 ut,
947 1884 1045 1954 quemad

275 1959 385 2024 modum,
404 1960 426 2014 si
445 1958 513 2031 qnod
535 1961 670 2014 honestum
692 1959 733 2024 sit,
754 1957 781 2013 id
804 1958 885 2013 solum
907 1960 942 2014 sit
963 1960 1045 2016 boum

275 2042 403 2106 sequatur,
416 2036 493 2090 vitam
505 2035 603 2089 beatam
615 2035 712 2089 virtute
724 2034 821 2101 oontioi
833 2034 878 2098 sio,
892 2034 915 2089 si
926 2035 982 2091 sita
993 2036 1045 2092 beet

273 2111 302 2166 in
318 2114 414 2168 virtute
433 2114 474 2178 sit,
494 2112 556 2166 nihil
577 2130 640 2176 esse,
659 2111 710 2165 nisi
726 2112 856 2175 virtutem,
876 2111 980 2167 bonum.
1016 2113 1045 2167 fle

274 2188 371 2242 Brutus
392 2193 461 2260 tuus,
482 2197 585 2243 auctore
605 2187 694 2241 Aristo
715 2190 741 2241 et
759 2186 893 2250 Antiocho,
912 2204 967 2242 non
987 2191 1045 2243 sent

273 2261 336 2315 hoo:
361 2267 434 2332 putat
453 2264 528 2326 enim,
545 2264 630 2328 etiam,
648 2262 672 2317 si
689 2262 724 2317 sit
741 2262 833 2317 bonum
852 2261 955 2332 aliquod
973 2269 1045 2333 prete

272 2336 403 2391 virtutem.
436 2338 475 2392 M.
489 2338 559 2397 Quid
575 2340 674 2409 igitur?
692 2342 781 2393 eontra
796 2340 938 2393 Brutumne
955 2357 998 2394 me
1013 2339 1045 2394 dis

272 2414 359 2466 turum
376 2415 471 2482 putas?
506 2414 840 2478 A.'lh1vero,utvidetur:
862 2432 922 2467 nam
940 2415 1045 2483 praetiuir

232 2492 324 2543 2211011
340 2492 380 2543 est
397 2506 489 2543 meum.
523 2490 562 2544 Μ.
575 2490 646 2549 Quid
663 2490 754 2561 auique
771 2490 850 2561 igitur
864 2496 1045 2547 eonsentaneur

272 2564 314 2632 sit,
326 2564 374 2619 aiio
386 2565 449 2619 loeo.
485 2564 553 2618 Nam
564 2565 614 2619 ista
625 2566 688 2621 mihi
699 2570 725 2619 et
737 2583 795 2620 oum
807 2566 934 2620 Antiocho
946 2586 1023 2637 saepe,
1035 2585 1045 2622 s

272 2659 329 2696 oum
344 2642 432 2695 Aristo
447 2658 535 2708 nuper,
547 2659 623 2710 quum
641 2641 750 2695 Athenis
766 2642 903 2709 imperator
919 2642 988 2711 apud
1005 2661 1045 2698 eur

267 2716 424 2782 deuerssrer,
447 2715 570 2771 dissensio
590 2717 648 2772 init.
684 2717 751 2771 Mihi
771 2716 836 2772 enim
858 2734 910 2770 non
928 2718 1045 2774 videbnto

253 2794 397 2868 quisquam
415 2814 476 2854 esse
493 2793 586 2853 beatus
603 2812 689 2868 posse,
706 2811 786 2861 nuum
798 2792 830 2845 in
842 2791 915 2845 maiis
931 2798 1017 2849 esset:
1035 2793 1044 2847 i

238 2873 322 2930 mans
334 2879 431 2935 autem
445 2876 598 2953 sapientem
611 2892 672 2932 esse
681 2886 770 2943 posse,
775 2867 803 2922 si
811 2864 1045 2932 esseuhuhuoosnoi
