2634 3367
480 330 547 379 LIB.
568 331 587 378 1.
606 329 680 380 cAP.
700 334 738 390 18,
751 333 788 380 14.
1000 334 1031 381 1³

271 440 352 495 XIII.
372 439 400 495 Si
412 457 473 495 vero
482 440 591 495 scrutari
599 442 688 496 vetera
699 444 725 496 et
737 459 771 496 ex
784 440 823 496 his
832 458 870 507 ea,
884 459 940 512 qua
951 442 1030 515 scrin
1038 454 1070 500 2⁹

237 521 306 572 tores
316 517 398 571 Greci
410 515 584 588 prodiderunt,
593 534 682 572 eruero
691 535 783 572 coner:
800 517 850 589 ipsi
861 516 897 573 illi
906 518 1028 589 majomm

237 594 351 663 gentium
361 592 397 647 dii
408 592 453 664 qni
464 592 599 657 habentur,
609 592 669 648 hina
677 611 693 648 a
701 592 774 649 nobis
786 593 894 665 proiecti
905 594 932 649 in
941 594 1030 651 celum

237 670 405 740 reperientur.
442 669 541 735 Quare,
561 687 669 740 quoram
688 669 894 726 demonstrantur
914 671 1031 743 sepulcra

236 745 263 800 in
275 746 389 813 Grecia3
407 745 575 814 reminiscere,
587 745 706 816 quoniam
723 764 751 801 es
767 746 962 820 initiatusque
977 752 1030 804 tra·

237 821 334 877 duntur
350 822 491 894 mysteriis:
509 826 565 877 tum
582 820 699 894 denique,
716 841 791 895 quem
803 823 852 879 hoo
867 823 918 879 late
934 830 1028 896 pateat,

236 898 372 970 intelliges.
407 898 458 954 Sed
473 898 518 969 qui
534 898 646 954 nondum
658 916 696 964 ea,
709 917 766 970 que
782 900 870 956 multis
883 905 941 973 post
957 902 1030 957 annis

237 976 342 1031 tractari
355 975 499 1047 coepissent,
512 975 617 1047 physica
629 974 785 1041 didicissent,
798 980 899 1031 tantam
912 976 961 1033 sibi
973 996 1030 1049 per·

237 1056 378 1117 suaserant,
389 1056 512 1123 quantum
520 1056 613 1107 natura
623 1052 776 1108 admonente
785 1058 956 1123 cognoverant
966 1074 972 1109 :
990 1074 1030 1109 ra·

236 1128 320 1184 tiodes
332 1132 359 1183 ct
375 1146 464 1184 cauam
475 1146 562 1183 rerum
577 1147 629 1183 non
644 1128 767 1184 tenebant
775 1150 782 1193 ;
801 1129 867 1184 vivis
878 1129 1029 1200 quibusdam

235 1224 302 1277 sape
321 1204 495 1270 movebantur,
515 1205 605 1277 hisque
623 1205 734 1260 maxime
754 1206 894 1272 nocturnis,
912 1209 943 1260 ut
961 1205 1030 1262 vide·

236 1290 326 1337 rentur
343 1283 369 1347 ii,
388 1282 432 1353 qui
449 1282 503 1337 rita
520 1285 690 1347 excesserant,
707 1278 800 1337 rivere.
837 1282 877 1337 Ut
895 1300 970 1354 porro
988 1284 1070 1341 tir-8⁰

235 1360 377 1414 missimum
393 1359 441 1414 hoc
459 1358 669 1423 sterneretur,
685 1376 731 1414 our
743 1358 803 1414 deos
820 1376 876 1414 esso
888 1358 1027 1427 credamus,

235 1435 303 1505 quod
323 1435 392 1489 nulla
409 1453 472 1506 gens
490 1439 543 1489 tam
561 1434 622 1500 iera,
641 1452 715 1489 nemo
733 1435 844 1489 omnium
862 1439 915 1490 tam
932 1435 966 1491 sit
983 1436 1029 1491 im·

235 1513 325 1577 manis,
342 1515 416 1581 cujus
432 1516 544 1566 mentem
561 1528 613 1565 non
631 1510 751 1565 imbuerit
769 1510 872 1566 deorum
891 1512 976 1582 opinio
985 1536 1028 1568 :-

235 1589 309 1643 multi
331 1588 363 1642 de
380 1588 429 1643 diis
449 1605 528 1659 prava
546 1586 675 1642 sentiunt:
699 1586 736 1657 (id
757 1588 824 1642 enim
844 1588 937 1644 vitioso
957 1607 1027 1644 more

235 1666 299 1720 effici
311 1664 377 1719 solet
386 1666 405 1734 :)
424 1682 511 1719 omnes
523 1666 610 1718 tamen
621 1680 678 1718 esse
686 1662 736 1718 rim
749 1668 776 1718 et
787 1667 905 1719 naturam
917 1663 1027 1720 divinam

235 1742 408 1797 arbitrantur:
426 1758 473 1796 nec
491 1758 552 1796 vero
570 1739 596 1795 id
604 1739 747 1795 collocutio
762 1739 893 1795 hominum
910 1747 956 1796 aut
969 1760 1028 1798 con·

235 1836 325 1874 sensus
337 1817 436 1873 effecit:
455 1835 507 1872 non
519 1816 647 1872 institutis
659 1816 744 1888 opinio
756 1821 796 1873 est
808 1818 963 1887 confirmata,
975 1837 1027 1874 non

233 1894 342 1966 legibus.
378 1894 454 1949 Omni
466 1898 550 1949 autem
563 1893 591 1947 in
603 1911 630 1948 re
642 1891 774 1947 consensio
786 1893 899 1948 omnium
911 1894 1027 1965 gentium

233 1971 277 2026 lex
289 1975 388 2026 natura
406 1970 520 2041 putanda
535 1969 687 2028 est—Quis
705 1974 745 2023 est
761 1969 849 2039 igitur,
863 1969 907 2040 qui
922 1988 1027 2026 suoram

234 2055 342 2103 mortem
360 2048 469 2118 primum
487 2066 539 2101 non
550 2064 581 2101 eo
597 2044 692 2116 lugeat,
705 2045 774 2116 quod
791 2063 834 2099 eos
853 2045 955 2101 orbatos
967 2047 1027 2104 ritas

233 2123 373 2179 commodis
392 2123 549 2178 arbitretur?
579 2121 649 2176 Tolle
668 2122 733 2176 hanc
752 2120 910 2191 opinionem;
928 2122 1027 2180 luctum

233 2201 378 2257 sustuleris.
414 2200 499 2256 Nemo
516 2198 581 2256 enim
600 2202 689 2254 moeret
706 2216 753 2253 sno
770 2198 936 2256 incommodo.
973 2202 1027 2259 Do-

233 2278 289 2333 lent
300 2278 410 2332 fortasse
422 2280 448 2332 et
466 2280 611 2348 anguntur:
630 2274 675 2330 sed
690 2274 733 2329 illa
748 2274 863 2346 lugubris
879 2276 1026 2335 lamentatio

233 2354 361 2426 fletusque
373 2372 478 2409 merens
491 2372 523 2408 ex
534 2370 565 2407 eo
576 2354 624 2417 est,
637 2352 705 2423 quod
717 2370 782 2418 eum,
796 2370 871 2423 quem
883 2352 1026 2424 dileximus,

233 2431 293 2486 ritae
302 2430 441 2486 commodis
453 2429 581 2500 privatam
593 2428 751 2494 arbitramur,
761 2428 837 2500 idque
846 2428 950 2484 sentire.
977 2433 1026 2486 At-

233 2526 283 2579 que
295 2507 344 2563 hoc
360 2508 399 2561 ita
410 2507 534 2561 sentimus
550 2508 642 2560 natura
653 2504 725 2571 duce,
742 2504 812 2560 nulla
828 2504 934 2573 ratione,
945 2506 1026 2562 nulla·

232 2602 284 2655 que
296 2583 419 2638 doctrina.

267 2659 344 2715 XIV.
361 2658 505 2713 Maximum
524 2673 585 2712 vero
601 2659 780 2727 argumentum
792 2658 844 2720 cst,
853 2657 980 2709 naturam
990 2654 1033 2721 'um
1041 2665 1081 2707 ax

231 2754 286 2791 sam
300 2735 333 2791 de
348 2734 537 2791 inmortalitate
549 2732 696 2791 animorum
705 2733 823 2793 tacitam
836 2730 974 2805 tumme,
983 2721 1065 2793 Q&

229 2812 345 2866 omnibus
355 2829 422 2867 cure
438 2818 509 2882 sunt,
524 2817 551 2872 et
569 2815 697 2876 maxime
709 2814 838 2893 quidem,
849 2825 916 2883 uum
924 2806 997 2873 unat
1005 2807 1084 2848 mat·

217 2890 269 2940 tem
279 2886 369 2942 satam
379 2888 444 2947 sint.
