2634 3367
306 328 336 375 14
445 325 959 375 Tuscorumbrsrurarlonum
1052 318 1057 329 '

908 436 971 486 Serit

463 508 564 565 arbores,
577 524 631 570 quae
643 508 712 556 alteri
725 508 814 557 saeoulo
825 509 926 572 prdsiut,

303 592 334 657 ut
355 589 391 643 ait
411 588 453 644 ille
473 588 501 644 in
523 589 694 661 Synephebis:
720 590 782 661 quid
803 595 928 661 spectans,
951 589 1001 645 nisi
1022 590 1099 647 etiam

303 670 405 737 postera
420 666 512 721 saecula
523 666 555 720 ad
571 668 758 738 sepertinere?
786 668 855 737 Ergo
872 665 975 721 arbores
987 668 1049 721 serit
1062 668 1099 722 di-

303 742 384 818 ligens
396 742 513 813 agricola,
527 762 634 813 quarum
646 744 751 815 aspiciet
764 742 865 798 baccam
878 742 932 813 ipse
942 761 1097 814 numquam:

302 820 342 873 vir
362 838 469 892 magnus
491 819 569 891 leges,
590 821 718 889 instituta,
739 818 919 893 rempublicam
939 837 992 873 uon
1009 822 1097 877 seret?

304 895 374 955 Quid
396 897 537 966 procreatio
558 897 702 963 liberorum,
725 896 786 968 quid
809 896 958 966 propagatio
978 896 1095 963 nominis,

303 971 364 1043 quid
382 971 530 1043 adoptiones
548 974 667 1039 filiorum,
685 973 746 1045 quid
763 977 973 1027 testamentorum
990 972 1097 1044 diligen·

190 1093 192 1097 .
302 1048 347 1123 tia,
361 1048 422 1119 quid
438 1049 493 1119 ipsa
505 1050 677 1120 sepulcrorum
695 1053 865 1116 monumenta,
878 1048 939 1119 quid
951 1047 1034 1119 elogia
1045 1050 1097 1117 aig·

262 1124 413 1191 ttnificant,
432 1126 482 1181 nisi
502 1144 549 1181 nos
567 1128 656 1181 futura
673 1128 749 1181 etiam
768 1126 899 1196 cogitare?
925 1125 996 1184 Quid
1013 1125 1096 1181 illud?

301 1218 362 1256 uum
375 1201 485 1271 dubitas,
499 1202 561 1274 quin
577 1203 705 1273 specimen
720 1206 818 1257 naturae
830 1202 886 1273 capi
903 1200 994 1256 debeat
1006 1220 1038 1258 ex
1050 1220 1096 1273 op·

280 1347 281 1350 ¹
301 1277 364 1333 tima
380 1298 480 1351 quaque
495 1281 607 1334 natura?
635 1279 700 1338 Qua
719 1286 758 1333 est
776 1278 856 1347 igitur
873 1277 960 1332 melior
972 1278 999 1332 in
1015 1277 1096 1334 honri·

300 1372 362 1409 num
378 1374 472 1425 genere
489 1359 589 1419 nutura,
603 1373 678 1425 quarn
696 1373 791 1419 eorum,
806 1354 849 1426 qui
865 1373 893 1409 se
908 1359 983 1409 natos
1000 1354 1032 1410 ad
1050 1356 1096 1411 ho·

301 1431 381 1485 mines
404 1430 538 1500 juvandos,
561 1428 683 1484 tutandos
707 1430 892 1486 conservandos
916 1431 1093 1489 arbitrantur?

213 1524 217 1554 ι
300 1505 373 1560 Abiit
385 1505 417 1559 ad
429 1505 489 1559 deos
502 1504 635 1560 Hercules.
660 1506 808 1577 Numquam
821 1506 932 1573 abiisset,
945 1507 1003 1573 nisi,
1016 1528 1094 1581 quum

300 1580 368 1635 inter
380 1580 493 1635 homines
509 1585 585 1646 esset,
597 1599 651 1635 eam
665 1580 714 1636 sibi
726 1582 791 1636 viam
809 1583 966 1639 munivisset.
997 1584 1095 1640 Vetera

296 1660 351 1727 jam
364 1656 414 1710 ista
425 1660 451 1710 et
463 1656 584 1727 religione
595 1657 708 1711 omnium
721 1662 875 1713 consecrata.

335 1732 394 1786 XV.
414 1730 484 1790 Quid
505 1732 531 1786 in
551 1733 598 1787 hac
616 1732 745 1804 republica
762 1740 803 1788 tot
820 1739 957 1806 tentosque
974 1736 1042 1791 viros
1061 1736 1093 1793 ob

300 1808 479 1879 rempublicam
489 1808 636 1865 interfectos
646 1810 772 1881 cogitasse
782 1810 952 1867 arbitramur?
970 1813 1093 1869 iisdemne

299 1889 330 1939 ut
339 1885 431 1940 finibus
440 1904 532 1940 nomen
541 1905 623 1952 suum,
634 1887 994 1958 quibusvitatermiuareturl'
1011 1891 1093 1945 Nemo

300 1980 420 2033 umquam
433 1962 488 2019 sine
497 1981 587 2035 magna
599 1982 644 2035 spe
656 1964 853 2019 immortalitatis
866 1982 894 2018 se
906 1982 952 2034 pro
961 1966 1044 2035 patria
1055 1966 1093 2021 of·

261 2040 293 2086 33
301 2038 379 2095 ferret
391 2039 423 2095 ad
435 2045 550 2095 mortem.
574 2040 662 2096 Licuit
674 2060 730 2095 esse
742 2041 824 2095 otioso
836 2040 1008 2109 Themistocli,
1019 2040 1093 2097 licuit

300 2114 488 2185 Epaminondae,
507 2117 586 2185 licuit,
604 2136 636 2173 ne
654 2121 682 2172 et
700 2121 786 2173 vetera
804 2121 831 2173 et
850 2124 955 2172 externa
973 2136 1091 2188 quaram,

300 2192 378 2245 mihi:
396 2192 442 2245 aed
458 2194 543 2247 nescio
562 2192 687 2264 quomodo
704 2194 811 2249 inhaeret
829 2194 857 2249 iu
874 2193 1002 2249 mentibus
1020 2195 1093 2264 quasi

300 2268 448 2322 saeculorum
473 2266 598 2338 quoddam
622 2270 756 2339 augurium
781 2270 941 2325 futurorum:
966 2270 1042 2341 idque
1065 2272 1093 2326 in

300 2344 418 2399 maximis
430 2344 537 2413 ingeniis
547 2344 726 2418 altissimisque
736 2346 824 2401 aninris
834 2353 860 2400 et
870 2346 971 2401 exsist't
983 2348 1092 2403 maxime

300 2425 327 2474 et
348 2424 451 2490 apparet
469 2420 593 2475 facillime.
630 2422 690 2480 Quo
708 2422 808 2493 quidem
831 2423 941 2495 dempto,
963 2424 1019 2495 quis
1039 2432 1092 2479 tam

300 2503 368 2572 esset
386 2514 479 2562 amens,
497 2498 540 2567 qui
558 2516 657 2568 semper
678 2498 704 2552 in
725 2498 853 2555 laboribus
873 2506 899 2554 et
920 2500 1038 2570 perieulis
1058 2502 1092 2556 vi·

261 2574 390 2628 caveret?
416 2572 521 2642 Loquor
542 2572 573 2627 de
594 2575 764 2644 principibus:
784 2576 845 2647 quid
867 2578 967 2646 poetael
998 2577 1091 2633 Nonne

295 2654 358 2720 vpost
371 2655 476 2703 mortem
490 2647 616 2704 nobilitari
629 2651 738 2707 volunt?
763 2652 840 2707 Unde
852 2671 913 2724 ergo
926 2651 1009 2707 illud?

363 2735 479 2795 Aspicite,
492 2749 506 2781 o
517 2734 590 2792 cives,
602 2737 665 2783 senis
679 2738 753 2784 Ennii
765 2738 872 2798 imagini'
886 2741 994 2784 formam.

385 2805 438 2849 Hic
451 2804 557 2854 vestrum
568 2806 651 2869 pinxit
663 2823 781 2856 maxuma
791 2808 855 2855 iacta
864 2815 967 2870 patrona

259 2870 423 2932 Mercedem
439 2880 539 2953 gloriae
553 2884 663 2959 flagitat
678 2885 713 2943 ab
728 2886 772 2953 iis,
786 2903 899 2957 quorum
911 2886 1001 2953 patres
1015 2882 1103 2933 abece-

239 2942 288 2987 '22
298 2946 414 3009 alonia:
432 2958 575 3037 idemque,

188 3079 229 3117 k
