2634 3367
437 338 482 388 102
569 333 768 386 TUSCULAN.
782 332 1089 384 DISPUTATIONUM

382 454 429 502 1⁰2
438 447 491 503 (lut
513 447 592 518 igitur
615 445 711 501 diuitis
733 445 927 500 desiderentur?
955 448 1001 500 aut
1025 443 1074 500 nbi
1099 463 1144 516 pan

437 523 524 578 beatos
545 539 600 577 esse
621 539 673 576 non
693 522 774 576 sinitl
809 521 902 592 Signis,
923 520 1008 586 oredo,
1031 517 1142 592 tabulis,

438 598 467 652 Si
488 597 544 669 quis
565 601 613 663 est,
630 596 675 667 qui
695 596 736 652 lais
755 595 905 661 delectetur,
921 614 1007 652 nonne
1028 596 1125 653 melius

438 673 552 728 homines
570 671 699 737 fruuntur,
717 689 793 742 qnam
810 672 854 738 illi,
872 672 917 743 qui
935 672 976 728 his
996 671 1144 729 abundanti

438 767 504 804 ennn
523 767 609 803 emam
627 748 739 803 omnium
757 765 841 804 mrum
859 751 948 803 nostra
964 748 992 803 in
1008 749 1076 804 nube
1092 768 1144 804 sun

438 824 539 895 publioo
550 823 629 894 eopia
654 824 718 890 Qus
729 823 773 894 qni
784 824 903 894 priuatim
913 824 1018 889 habent,
1028 841 1079 880 neo
1089 829 1144 880 tam

438 905 465 956 et
476 919 533 956 raro
544 900 639 968 vident,
648 918 727 971 quum
738 899 766 954 in
777 916 825 954 sua
835 917 896 955 rura
903 903 1039 956 venerunt.
1064 900 1142 962 Quos

438 977 530 1048 pnngit
547 975 649 1046 aliquid,
669 993 756 1047 quum,
775 975 819 1030 illa
835 975 902 1031 unde
920 975 1040 1041 habeant,
1059 980 1144 1032 reoon

439 1053 502 1108 Dies
522 1052 629 1117 deficiat,
649 1052 673 1106 si
692 1051 767 1106 velim
786 1052 945 1122 paupertatis
965 1069 1070 1108 eausam
1091 1053 1144 1109 deis

439 1129 537 1199 Aperta
553 1127 619 1183 enim
637 1145 680 1183 res
697 1130 746 1192 est,
762 1131 791 1183 et
808 1126 921 1198 qnotidie
938 1145 986 1183 nos
1006 1125 1065 1198 ipsa
1081 1132 1144 1184 natu

439 1209 534 1271 monet,
553 1222 628 1277 quam
647 1203 743 1274 paneis,
760 1221 837 1275 qnam
854 1202 939 1274 parvis
956 1202 1035 1259 rebus
1056 1209 1143 1276 egeat,

439 1281 539 1337 vilibus.

386 1361 432 1407 103
475 1355 600 1412 mvn
619 1353 691 1410 Num
707 1353 787 1425 igitur
799 1353 945 1425 ignobilitas
960 1357 1007 1410 aut
1018 1354 1144 1412 humilitol

440 1432 517 1487 etiam
532 1431 660 1503 popularis
676 1429 782 1486 offensio
799 1430 939 1502 sapientem
954 1429 1060 1486 beatum
1076 1450 1136 1488 esse

440 1508 529 1563 bebitl
559 1507 633 1571 Vide,
647 1524 680 1561 ne
697 1507 755 1577 plns
772 1506 957 1562 commendatio
973 1506 1002 1562 in
1015 1507 1110 1579 vulgas
1128 1526 1144 1564 e

441 1602 497 1654 quse
509 1586 645 1654 expetitur,
658 1584 740 1654 gloria
751 1584 873 1641 molestiae
884 1583 984 1650 hebeat,
997 1601 1073 1656 quam
1085 1586 1144 1641 volu

441 1659 577 1715 Levioulus
598 1676 658 1713 sane
678 1663 766 1714 noster
786 1660 980 1725 Demosthenes,
1003 1660 1047 1731 qui
1067 1661 1112 1716 illo
1132 1680 1144 1716 a

441 1735 561 1791 delectari
576 1753 603 1789 se
616 1734 716 1790 dioebat
732 1752 823 1806 aquam
839 1735 944 1792 ferentis
961 1736 1144 1803 muliemulae,s

442 1813 470 1868 in
487 1812 584 1868 Graeoia
600 1814 647 1876 est,
661 1811 894 1883 insusurrantisque
911 1811 991 1877 alteri,
1004 1813 1059 1867 Hie
1073 1817 1111 1868 est
1126 1814 1144 1868 t

442 1889 588 1944 meam.
617 1885 688 1947 Quid
699 1887 747 1942 hoo
758 1887 858 1943 leviusl
889 1890 925 1943 st
937 1891 1047 1958 qnantm
1060 1892 1144 1944 oraton

444 1963 512 2035 apud
530 1964 592 2019 alios
612 1963 680 2034 loqui
698 1962 816 2018 videlieet
835 1962 964 2031 didioerat,
981 1980 1033 2018 non
1052 1964 1144 2019 multus

389 2050 435 2096 104
444 2059 537 2097 seeum.
574 2038 769 2111 Intelligendum
792 2043 834 2094 est
854 2039 941 2110 igitur,
960 2056 1008 2094 noo
1031 2040 1139 2110 gloriam

442 2117 520 2173 larem
541 2117 620 2187 ipsam
642 2133 688 2188 per
708 2133 764 2170 sese
784 2114 961 2185 expetendam,
979 2132 1028 2170 neo
1050 2115 1144 2185 ignobi]

443 2192 663 2249 extimescendam.
713 2192 778 2246 Veni
800 2192 924 2257 Athenas,
948 2191 1032 2263 inquit
1056 2191 1144 2247 Demo

443 2287 524 2338 mque
543 2286 583 2323 nae
603 2270 743 2339 quamquam
762 2266 832 2339 [ido]
853 2268 968 2338 aquom
1003 2267 1144 2324 Constante

444 2343 537 2397 minem
555 2346 582 2397 et
598 2345 717 2413 gravem!
739 2345 783 2415 qui
800 2344 960 2414 glorietur,s
976 2343 1058 2414 gloria
1072 2344 1144 2399 soal

388 2423 399 2452 ⁸
445 2420 487 2472 An
502 2417 618 2473 tibicines
634 2420 709 2489 iique,
723 2421 768 2490 qni
779 2419 871 2475 fidibus
887 2422 1004 2485 utuntur,
1017 2437 1072 2485 suo,
1086 2437 1139 2475 non

444 2493 541 2551 tudinis
561 2493 666 2549 arbitrio
688 2499 778 2550 cantus
801 2513 970 2566 numerosque
993 2495 1144 2551 moderantn

445 2572 553 2642 sapiens,
572 2569 652 2624 multo
673 2574 728 2625 anto
747 2574 842 2641 majore
862 2572 991 2643 praeditus,
1010 2589 1061 2628 non
1080 2572 1144 2643 quid

446 2649 539 2703 simum
555 2647 597 2712 sit,
610 2644 655 2701 sed
672 2645 732 2716 quid
748 2646 810 2701 velit
825 2647 926 2718 vulgus,
940 2648 1075 2720 exquiret?
1111 2649 1144 2703 An

447 2742 522 2794 quam
546 2722 657 2787 stultius,
681 2738 763 2792 quem,
786 2739 849 2793 qnos
873 2722 994 2794 singulos,
1019 2722 1086 2778 sieut
1110 2741 1144 2795 op

448 2798 623 2870 barbarosque,
644 2802 797 2862 contemnas,
810 2813 854 2852 eoa
877 2797 971 2870 aliquid
991 2801 1082 2867 putare
1101 2817 1144 2855 ess

446 2876 552 2930 versosl
581 2875 630 2930 Ille
641 2891 702 2930 vero
718 2878 818 2930 nostras
834 2873 984 2931 ambitiones
999 2873 1144 2948 levitatesqt
