2634 3367
476 328 546 378 Llll.
558 328 578 378 l.
607 329 682 377 CAP.
700 331 738 386 34,
751 331 789 377 35.
997 333 1027 377 ³5

233 459 297 507 esse,
310 457 387 513 quam
405 442 446 495 est
460 437 488 494 id
501 441 638 510 exiguum!
677 441 712 495 Et
723 440 814 495 falsum
832 458 888 495 esse
905 439 1029 495 arbitror:

234 523 260 573 et
277 518 307 572 fit
326 516 476 589 plerumque
493 517 548 571 sine
566 534 658 583 seusu;
679 535 859 588 nonuunquam
877 517 953 572 etiam
972 535 1030 571 cuin

233 593 382 663 voluptate:
407 598 542 663 totumque
560 593 609 648 boo
627 593 682 649 leve
703 599 750 658 est,
771 594 953 665 qualecumque
973 600 1029 659 est;

235 671 263 724 fit
275 669 343 724 enim
361 668 393 723 sd
408 678 532 738 punctum
548 670 678 739 temporis.
713 668 781 724 Illud
795 670 875 741 sugit,
889 668 929 725 vel
945 670 1069 740 potiusut

234 745 373 809 exorueist,
386 743 513 799 discessus
531 744 563 800 ab
578 745 695 801 omnibus
712 746 752 812 iis,
768 764 824 818 qum
842 750 903 802 sunt
921 745 987 800 boue
1004 746 1031 799 iu

236 822 297 877 sits
333 820 408 886 Vide,
427 820 582 876 neamalis
600 821 649 876 diei
668 822 752 877 verius
769 822 858 893 possit.
895 821 966 882 Quid
983 839 1032 892 ogo

236 914 306 953 nuno
323 897 424 968 lugeam
441 896 521 951 vitam
538 897 688 953 hominum?
718 900 785 954 Vere
803 903 829 954 et
844 899 902 970 jure
919 917 1030 970 possum.

236 974 288 1029 Sed
299 972 362 1044 quid
378 990 483 1028 neeesse
499 976 547 1038 est,
560 992 637 1046 quum
656 973 683 1028 id
701 992 781 1046 agam,
798 993 831 1029 ue
848 979 907 1045 post
924 980 1031 1029 moriem

236 1050 344 1105 miseros
361 1067 408 1104 nos
426 1054 546 1120 putemus
564 1051 626 1116 iure,
643 1050 719 1105 etiam
737 1052 814 1105 vitum
833 1051 930 1106 efficere
948 1050 1033 1121 deplo-

192 1166 199 1183 .
237 1125 317 1181 raudo
338 1126 513 1181 miseriorem?
544 1126 661 1182 Fecimus
682 1126 730 1181 hoe
751 1127 778 1180 in
797 1144 827 1180 eo
847 1127 919 1192 libro,
939 1127 966 1180 iu
984 1142 1033 1196 quo

237 1201 415 1272 nosmetipsos,
435 1206 557 1274 qnantum
578 1204 716 1273 potuimus,
737 1200 860 1257 oonsulati
880 1220 975 1256 sumus.
1011 1204 1035 1256 Α

238 1278 312 1333 malis
324 1278 405 1349 igitur
416 1295 484 1332 mors
500 1277 611 1344 abducit,
624 1296 677 1332 nou
693 1296 708 1332 a
724 1277 812 1343 bonis;
831 1295 918 1333 verum
936 1279 957 1332 si
970 1296 1033 1348 quae·

238 1355 327 1409 rimus.
365 1353 425 1409 Hoo
441 1353 543 1425 quidem
561 1371 577 1409 a
594 1354 732 1427 (lyrenaieo
749 1354 863 1425 Hegesia
880 1354 917 1409 sie
935 1355 1035 1425 copiose

239 1430 395 1500 disputatur,
409 1434 441 1485 ut
457 1430 480 1484 is
499 1448 514 1484 s
531 1448 592 1502 rege
608 1431 747 1487 Ptolemaeo
765 1431 907 1502 prohibitus
925 1449 981 1486 esso
998 1430 1036 1485 di·

239 1513 314 1562 eatur
335 1504 380 1560 illu
402 1505 430 1561 in
449 1506 542 1561 sobolis
563 1506 654 1573 disere,
675 1506 743 1577 qnod
765 1508 847 1573 multi,
869 1508 909 1562 his
933 1507 1035 1571 auditis,

239 1587 350 1637 mortem
374 1581 423 1637 sibi
450 1582 500 1652 ipsi
523 1584 717 1639 oonseisoerent.
765 1583 911 1639 Callimachi
935 1583 1077 1655 quidemst

240 1660 398 1729 epigramma
417 1658 445 1713 in
462 1658 650 1715 Ambraciotam
672 1658 861 1715 Cleombrotum
882 1664 937 1715 est:
962 1678 1036 1731 quem

241 1736 286 1799 ait,
301 1752 380 1804 quum
392 1734 456 1788 nihil
466 1734 491 1789 ei
507 1735 640 1791 aooidisset
652 1734 759 1803 adversi,
771 1754 786 1791 e
797 1754 870 1791 muro
882 1754 910 1792 se
925 1736 953 1791 in
969 1754 1038 1791 mare

241 1810 373 1881 abjecisse,
386 1809 453 1865 lecto
465 1810 580 1867 Platonis
595 1812 668 1868 libro.
704 1812 768 1883 Ejus
783 1817 877 1878 eutem,
890 1831 964 1883 quem
977 1812 1038 1875 dixi,

243 1886 366 1957 Hegesia
382 1886 446 1941 liber
457 1890 505 1952 est,
519 1893 693 1955 ἀποκαρτερῶν,
705 1888 774 1959 qnod
785 1907 801 1943 a
811 1890 865 1944 vita
877 1888 977 1960 quidem
994 1906 1039 1959 pet

241 1963 357 2019 inediam
380 1961 511 2018 dboedens
534 1967 670 2017 revooatnr
693 1964 724 2019 sb
748 1964 855 2020 amicis:
885 1963 977 2033 quibus
1000 1982 1040 2018 re-

242 2039 380 2111 spondens,
393 2039 453 2094 vitae
464 2039 581 2094 humanm
592 2029 724 2095 enumerist
736 2038 902 2094 incommoda.
934 2039 1039 2094 Possem

243 2116 312 2172 idom
328 2116 426 2181 iseere;
446 2116 495 2170 etsi
512 2116 603 2180 minus,
620 2134 695 2186 quam
713 2116 763 2181 ille,
781 2115 825 2187 qui
842 2115 943 2170 omnino
956 2117 1040 2172 vivere

243 2190 365 2262 expedire
377 2190 471 2246 nemini
482 2195 565 2262 putat.
602 2191 683 2246 Mitto
696 2192 774 2247 alios:
792 2192 901 2248 etiamne
913 2192 985 2248 uobis
998 2212 1041 2246 ox-

243 2267 337 2339 peditl
366 2267 411 2337 qui
431 2271 458 2322 st
478 2267 623 2322 domesticis
642 2271 669 2322 et
689 2268 833 2323 forensibus
852 2268 948 2323 solatiis
969 2287 1041 2322 orim-

244 2344 390 2414 msntisque
402 2343 501 2414 privati,
514 2348 592 2407 uerte,
605 2343 628 2399 si
641 2348 701 2399 unte
713 2344 899 2410 occidissemus,
911 2363 980 2400 mors
995 2362 1041 2399 uos

245 2419 354 2484 amalis,
367 2437 419 2473 uon
431 2437 446 2473 a
457 2419 530 2474 bonis
542 2419 716 2476 obstruxisset.

281 2495 395 2550 XXXV.
415 2495 455 2549 Sit
466 2496 546 2565 igitur
558 2495 655 2565 aliquis,
670 2496 712 2567 qui
729 2495 793 2550 nihil
804 2495 863 2551 mali
875 2497 974 2562 habeat,
986 2494 1041 2548 nul-
1051 2508 1085 2555 85-

246 2573 301 2629 lum
313 2592 329 2628 s
341 2573 444 2627 fortuna
456 2574 548 2629 vulnus
560 2574 701 2644 aeeeperit:
720 2574 842 2629 Metellus
855 2574 902 2638 ille,
913 2573 1043 2628 honoratis

247 2655 360 2722 quatuor
366 2649 439 2715 filiis;
451 2654 478 2704 at
487 2650 671 2720 quinquaginta
680 2650 811 2716 Priamus;
825 2650 938 2720 equibus
947 2651 1044 2712 septem

247 2733 275 2782 et
288 2725 376 2781 deosm
389 2726 461 2796 justu
473 2744 552 2780 uxore
564 2726 625 2781 nati.
661 2726 697 2783 ln
706 2730 824 2799 utusque
834 2717 1069 2782 esmusoums'u

247 2803 351 2858 smum
365 2807 541 2873 potestatem
561 2805 609 2864 sed
621 2826 676 2865 usa
690 2809 724 2865 in
742 2806 831 2863 albeto
848 2805 906 2857 est.
935 2783 1095 2866 mmm*

236 2879 305 2936 ΨΜ
321 2877 401 2935 mm
416 2880 472 2951 ΕΜ,
488 2884 559 2956 filiae,
582 2893 713 2965 nepotes,
726 2890 835 2960 neptes
848 2880 887 2936 'uu
901 2877 1010 2937 mm
1022 2862 1119 2908 ‘W‘
