2634 3367
472 329 539 378 LIB.
558 328 595 376 ΙΙ.
613 328 687 376 ΟΑΡ.
709 328 747 386 11,
765 328 802 375 12.
1001 328 1032 375 63

235 438 355 494 molliunt
376 438 474 493 animos
495 442 612 493 nostros:
639 438 676 492 ite
696 440 756 492 sunt
777 434 867 491 deinde
888 434 981 500 dulces,
1002 444 1033 491 ut

235 534 288 570 non
301 515 419 584 leguntur
430 514 512 578 modo,
522 513 567 568 sed
580 514 656 569 etism
669 513 820 568 ediscantur.
848 512 890 567 Sic
898 511 930 566 sd
942 513 1033 569 melum

234 591 401 645 domesticam
419 590 578 660 disciplinam
599 591 725 659 ritunqne
743 588 902 644 umbratilem
924 594 951 643 et
971 589 1032 643 deli·

234 674 319 722 cetnm
343 685 419 737 quum
445 671 607 721 secesserunt
627 666 705 720 etiem
727 671 817 735 poete,
840 682 931 720 nervos
949 665 1031 720 omnis

236 743 340 798 virtutis
355 742 461 797 ehdunt.
497 742 579 797 Recte
595 742 676 812 igitur
693 742 826 796 ePlatone
844 741 987 796 educuntur
998 759 1031 796 ex

235 838 266 874 ea
286 820 398 883 civitate,
418 836 493 889 quam
513 818 587 872 finxit
605 817 655 884 ille,
674 836 752 889 quuru
773 834 856 872 mores
873 818 983 888 optimos
1004 822 1030 872 et

234 897 359 965 optimum
378 894 523 965 reipublice
540 898 636 949 statum
654 893 807 963 exquireret.
843 895 880 948 At
897 911 957 948 vero
975 911 1029 957 nos,

235 972 305 1025 docti
322 971 418 1025 sedicet
436 989 452 1025 a
469 970 573 1037 Grecis,
591 971 645 1025 hec
666 975 693 1026 et
713 986 729 1023 e
748 969 858 1039 pueritie
877 969 985 1040 legimus
1003 975 1030 1024 et

235 1047 372 1102 discimus:
403 1048 468 1103 hane
491 1046 661 1102 eruditionem
689 1044 817 1100 liberalem
840 1050 867 1100 et
890 1045 1029 1101 doctrinm

234 1128 363 1194 putemus.

270 1200 334 1253 XII.
354 1198 404 1253 Sed
425 1198 486 1269 quid
507 1197 588 1268 poetis
607 1196 758 1251 irascimur?
783 1195 894 1250 Virtutis
914 1196 1029 1265 magistri
1037 1208 1067 1253 28

234 1274 380 1345 philosophi
397 1274 494 1329 inventi
512 1279 582 1336 sunt,
600 1274 644 1343 qui
662 1289 789 1327 summum
806 1270 900 1325 mulum
918 1270 1028 1326 dolorem

235 1350 358 1405 dicerent.
392 1352 429 1405 At
447 1355 478 1405 tu
495 1350 648 1414 adolescens,
667 1367 744 1419 quum
763 1347 788 1402 id
806 1347 853 1403 tibi
871 1346 955 1418 paullo
970 1353 1029 1403 ente

234 1426 343 1482 dixisses
355 1426 443 1490 videri,
459 1432 565 1497 rogetus
578 1444 593 1479 e
606 1444 654 1489 me,
668 1425 777 1479 etiamne
793 1428 883 1495 majus,
897 1442 972 1494 quern
985 1423 1028 1479 de·

234 1501 321 1567 decus,
344 1501 421 1557 verbo
439 1502 470 1556 de
489 1501 617 1556 sententie
634 1501 764 1557 destitisti.
801 1502 873 1571 Rogo
892 1500 941 1556 hoc
961 1500 1027 1556 idern

234 1578 391 1649 Epicurum
410 1581 491 1647 majus
501 1578 568 1633 dicet
580 1596 636 1633 esse
644 1577 736 1632 melum
748 1576 897 1633 mediocrem
907 1578 1027 1644 dolorem,

233 1672 310 1725 qnam
329 1654 465 1708 maximum
483 1653 607 1709 dedecus:
627 1653 654 1708 in
672 1654 728 1724 ipso
746 1653 812 1709 eninr
830 1653 951 1710 dedecore
967 1656 1027 1711 moli

232 1729 298 1784 nihil
318 1747 382 1796 esse,
403 1729 452 1783 nisi
476 1734 615 1800 sequnntur
635 1728 742 1785 dolores.
779 1729 845 1789 Quis
866 1730 946 1801 igitur
965 1732 1027 1802 Ilpi-

233 1823 325 1861 curum
341 1806 457 1877 sequitur
468 1805 548 1867 dolor,
560 1824 638 1877 quum
654 1805 703 1860 hoc
718 1806 800 1876 ipsum
813 1804 883 1869 dicit,
900 1824 1026 1861 summum

233 1880 330 1936 melum
346 1900 403 1937 esse
419 1881 539 1949 dolorem,
554 1899 604 1953 quo
623 1880 731 1936 dedecus
749 1884 831 1949 majus
847 1898 862 1935 a
878 1880 1026 1953 philosopho

232 1958 333 2013 nullum
351 1958 490 2027 exspectol
513 1958 600 2017 Quare
616 1957 679 2012 setis
696 1956 759 2011 mihi
774 1955 874 2021 dedisti,
892 1975 969 2026 quum
987 1975 1026 2012 re·

232 2033 367 2105 spondisti,
381 2036 463 2101 majus
479 2033 526 2087 tibi
538 2033 617 2088 videri
633 2031 727 2087 melum
739 2030 856 2095 dedecus,
869 2049 943 2101 quem
957 2031 1026 2087 dolo·

232 2128 296 2165 rem.
333 2110 392 2164 Hoc
408 2112 490 2179 ipsum
504 2110 570 2164 enim
587 2109 610 2163 si
625 2108 731 2172 tenebis,
748 2106 882 2177 intelliges,
900 2125 974 2178 quam
991 2109 1025 2163 sit

232 2185 409 2241 obsistendum
430 2185 526 2241 dolori:
551 2202 598 2240 nec
620 2188 674 2238 tam
698 2182 860 2254 querendum
884 2188 932 2249 est,
954 2184 1025 2239 dolor

231 2261 360 2316 malumne
372 2262 414 2327 sit,
426 2279 501 2332 quum
513 2260 650 2315 firmandus
667 2260 765 2315 enimus
777 2257 810 2313 ed
821 2258 932 2315 dolorem
945 2261 1024 2317 feren-

231 2338 303 2393 dum.
332 2337 494 2392 Concludunt
512 2338 667 2393 ratiunculas
686 2337 771 2403 Stoici,
791 2354 837 2391 cnr
853 2356 903 2393 non
921 2339 955 2394 sit
973 2356 1062 2402 mro-29

231 2414 302 2469 lum:
323 2413 395 2483 quusi
413 2412 545 2481 deverbo,
562 2414 661 2469 nonde
679 2432 706 2469 re
724 2414 966 2476 laboretur-Quid
984 2438 1024 2475 me

232 2489 337 2559 decipis,
352 2490 439 2545 Zeno?
458 2490 525 2544 Nem
538 2509 615 2561 quum
628 2491 662 2556 id,
676 2490 744 2563 qnod
756 2491 817 2546 mihi
829 2492 947 2549 horribile
956 2495 1024 2550 vide-

231 2570 283 2631 tur,
294 2572 325 2621 tn
334 2566 436 2620 omnino
448 2566 540 2621 melum
550 2585 606 2621 esse
614 2585 700 2637 neges,
710 2569 810 2638 eepior;
829 2572 856 2622 et
867 2569 931 2624 scire
941 2571 1022 2641 cupio,

232 2661 284 2713 quo
297 2641 372 2696 modo
388 2640 421 2705 id,
436 2642 501 2712 quod
515 2660 563 2713 ego
579 2643 747 2698 miserrimum
760 2644 910 2709 existimem,
923 2663 956 2700 ne
972 2664 1024 2701 ma-

231 2719 284 2773 lum
304 2716 406 2787 quidem
425 2718 574 2773 sit-Nihil
592 2728 639 2783 est,
658 2719 749 2789 inquit,
770 2719 872 2785 mulum,
889 2720 940 2773 nisi
956 2721 1028 2787 mind

231 2801 309 2865 turpe
330 2798 407 2863 atque
427 2793 546 2849 vitiosum
567 2794 698 2853 est—hd
719 2796 836 2871 ineptus
853 2794 939 2850 redis.
965 2790 1052 2843 ΚΜ

225 2872 298 2934 onim,
311 2868 382 2937 qnod
396 2888 437 2924 ore
448 2872 572 2945 ungebat,
585 2894 644 2934 non
654 2876 766 2936 eximis.
796 2874 866 2932 belo
877 2869 1006 2925 dolorem
1012 2873 1077 2910 noe
