2634 3367
460 340 544 390 ·L1B.
564 341 616 390 111.
636 342 711 391 CAP.
728 344 751 399 d,
768 340 791 393 7.
995 342 1027 393 87

235 438 325 503 solum,
336 457 487 512 quamquam
497 440 522 495 id
532 442 631 512 quidem
642 444 758 512 primum,
768 442 814 497 sed
823 441 855 496 de
864 441 932 496 omni
942 441 1025 507 animi,

233 520 263 569 ut
276 533 324 585 ego
340 516 421 584 posui,
438 516 634 586 perturbatione,
648 517 754 587 (morbo,
772 520 802 572 ut
819 518 904 572 Graeci
915 517 1024 586 volunt)

233 590 373 661 explicabo.
400 592 436 645 Et
448 592 537 662 primo,
549 594 571 647 si
584 593 672 662 placet,
683 594 824 648 Stoicorum
833 610 903 647 more
912 611 1025 664 agamus,

233 667 277 737 qui
289 666 400 721 breviter
408 668 548 737 astringere
560 669 642 723 solent
655 673 820 740 argumenta:
839 668 930 724 deinde
938 673 1026 723 nostro

234 742 355 796 instituto
367 742 523 811 vagabimur.

268 817 333 870 VII.
352 818 402 882 Qui
418 817 493 871 fortis
511 821 558 884 est,
575 818 642 873 idem
660 823 701 873 est
719 819 814 875 fidens:
833 818 951 889 quoniam
967 826 1066 873 con-14

234 892 322 957 fidens,
343 893 409 946 mala
429 895 614 949 consuetudine
637 895 763 966 loquendi,
784 896 812 949 in
832 896 894 950 vitio
914 896 1025 965 ponitur,

234 968 341 1022 ductum
362 967 466 1022 verbum
488 987 504 1022 a
523 970 678 1039 confidendo,
699 970 767 1041 quod
790 970 871 1025 laudis
892 976 939 1026 est.
976 970 1027 1035 Qui

234 1046 321 1096 autem
345 1046 385 1097 est
408 1043 495 1108 fidens,
520 1044 543 1099 is
566 1045 680 1114 profecto
707 1064 758 1099 non
780 1046 930 1100 extimescit.
967 1046 1026 1100 Dis·

234 1122 322 1188 crepst
338 1118 404 1174 euim
421 1136 437 1173 a
452 1119 565 1175 timendo
583 1121 713 1190 confidere.
750 1123 837 1191 Atque
854 1121 881 1175 in
897 1138 971 1191 quem
987 1138 1026 1176 oa-

235 1192 274 1247 dit
290 1193 461 1263 egritudo,in
479 1194 594 1250 eumdem
610 1196 694 1250 timor.
731 1196 842 1260 Quarum
859 1196 925 1249 enirn
942 1214 1025 1250 rerum

235 1270 371 1338 presentia
390 1288 479 1324 sumus
503 1270 530 1324 in
550 1270 710 1341 aegritudine,
732 1270 831 1325 easdem
852 1269 1025 1340 impendentes

235 1347 263 1397 et
278 1344 409 1399 venientes
425 1346 550 1401 timemus.
588 1349 630 1401 lta
644 1347 682 1411 fit,
694 1351 725 1401 ut
741 1345 885 1401 fortitudini
901 1346 1025 1417 egritudo

236 1425 369 1490 repugnet.
405 1421 548 1477 Verisimile
565 1426 605 1477 est
622 1422 709 1491 igitur,
727 1422 753 1477 in
771 1440 845 1493 quem
861 1421 935 1477 cadat
953 1424 1026 1493 regri·

236 1496 309 1559 tudo,
323 1496 411 1551 cadere
423 1496 450 1551 in
461 1497 576 1551 eumdem
589 1498 705 1553 timorem
717 1502 744 1552 et
756 1497 930 1553 infractionem
939 1516 1025 1568 quarn·

237 1570 295 1625 dam
311 1571 387 1625 animi
402 1576 429 1626 et
447 1572 629 1628 demissionem.
664 1573 730 1631 Qum
747 1574 774 1628 in
790 1591 864 1645 quem
880 1572 981 1637 cadunt,
998 1575 1025 1628 in

237 1646 354 1701 eumdem
366 1646 441 1714 cadit,
452 1652 483 1702 ut
499 1649 599 1712 serviat,
612 1652 642 1702 ut
653 1648 749 1703 victum
765 1667 792 1704 se
805 1648 954 1720 quandoque
969 1667 1025 1704 esse

237 1720 357 1775 fateatur.
392 1723 458 1782 Qum
476 1725 520 1795 qui
537 1725 633 1794 recipit,
654 1725 758 1794 recipiat
778 1724 845 1779 idem
865 1742 968 1779 necesse
985 1728 1025 1779 est

237 1797 400 1852 timiditatem
417 1803 445 1853 et
464 1799 597 1869 ignaviam.
633 1800 694 1853 Non
711 1799 805 1854 cadunt
825 1803 910 1855 autem
928 1800 981 1853 hec
999 1800 1026 1854 in

237 1873 321 1927 virum
339 1872 445 1928 fortem:
466 1874 546 1945 igitur
563 1893 595 1929 na
612 1874 737 1946 aegritudo
755 1874 863 1943 quidem.
898 1877 934 1928 At
952 1891 1025 1928 nemo

238 1949 346 2018 sapiens,
358 1948 407 2003 nisi
418 1949 500 2004 fortis.
535 1950 597 2003 Non
608 1949 675 2004 cadit
687 1966 748 2019 ergo
764 1952 791 2003 in
803 1949 941 2019 sapientem
954 1950 1026 2019 aegri-

238 2023 309 2078 tudo.
338 2024 466 2079 Praeterea
476 2042 579 2079 necesse
590 2029 637 2089 est,
650 2025 695 2094 qui
706 2024 779 2078 fortis
791 2024 833 2088 sit,
845 2024 959 2078 eumdem
972 2040 1027 2077 esse
1037 2034 1067 2081 lo

238 2098 324 2169 magni
336 2099 427 2165 animi;
446 2100 491 2170 qni
501 2101 586 2171 magni
597 2101 674 2154 animi
686 2100 729 2164 sit,
737 2099 874 2153 invictum:
894 2098 938 2168 qui
949 2097 1028 2152 invio·

239 2178 282 2229 tus
294 2174 336 2241 sit,
345 2192 402 2229 eum
412 2194 453 2230 res
462 2175 583 2231 humanas
592 2175 721 2246 despicere
729 2177 805 2245 atque
816 2174 882 2228 infra
893 2190 921 2227 se
932 2172 1027 2242 positas

239 2250 365 2305 arbitrari.
400 2252 538 2321 Despicere
552 2256 636 2306 autem
652 2268 726 2306 nemo
739 2254 823 2322 potest
839 2267 881 2303 eas
893 2267 942 2313 res,
955 2247 1028 2318 'prop-

239 2332 280 2381 ter
300 2344 363 2397 quas
387 2327 537 2397 egritudine
560 2327 625 2381 affici
647 2332 741 2397 potest.
777 2328 818 2381 lix
841 2344 891 2397 quo
912 2325 1027 2389 efficitur,

239 2401 333 2457 fortem
349 2403 432 2457 virum
447 2402 597 2473 egritudine
612 2421 750 2473 numquam
766 2402 837 2458 affici.
874 2402 969 2457 Omnes
985 2418 1029 2454 au-

239 2481 292 2532 tem
310 2478 437 2546 sapientes
454 2479 558 2534 fortes'
579 2479 642 2534 Non
658 2479 726 2534 cadit
746 2478 826 2550 igitur
846 2478 873 2533 in
890 2478 1030 2549 sapientem

240 2553 374 2623 [egritudo.
410 2554 446 2608 Et
463 2554 674 2624 quemadmodum
689 2554 778 2609 oculus
795 2552 961 2608 conturbatus
978 2568 1031 2605 non

241 2632 281 2683 est
294 2628 372 2698 probe
388 2630 493 2685 affectus
505 2630 537 2683 ad
549 2648 623 2684 suum
636 2648 728 2684 munus
740 2629 911 2700 fungendum:
930 2631 957 2682 et
973 2626 1031 2680 reli-

241 2722 298 2774 quae
318 2708 404 2775 partes
424 2709 540 2760 totumve
560 2722 652 2774 corpus
673 2708 744 2759 statu
764 2723 842 2775 quum
862 2706 902 2757 est
926 2704 1031 2766 motum,

242 2779 314 2835 deest
335 2781 416 2835 officio
437 2799 483 2836 suo
504 2786 531 2836 et
550 2781 666 2836 muneri:
691 2782 729 2836 sic
748 2779 920 2835 conturbatus
934 2777 1043 2827 sums

239 2873 291 2909 non
303 2860 344 2911 est
360 2860 437 2927 aptus
453 2856 487 2915 ad
499 2857 699 2935 exsequendum
714 2875 817 2916 munus
832 2869 925 2911 suum·
952 2845 1073 2896 &effi
