2634 3367
273 328 319 374 112
409 327 605 377 TUSCULAN,
623 328 920 377 DlSPUTATIONUM

271 434 417 503 superstitio
438 434 565 489 muliebris
586 435 717 506 quaedam:
747 436 894 491 existimant
918 436 994 502 enim,
1013 437 1056 491 diis

270 511 453 565 immortalibus
471 529 498 564 sc
515 510 612 566 facilius
629 513 692 566 satis
708 512 828 576 facturos,
841 511 865 565 si
881 529 970 567 corum
989 512 1057 583 plsga

270 586 379 654 perculsi
395 585 498 640 afflictos
515 604 542 640 se
554 591 581 641 et
596 594 691 641 stratos
704 606 760 641 esse
771 587 907 641 fateantur.
945 588 996 642 Sed
1008 589 1058 643 liae

270 662 337 715 iuter
349 680 376 715 se
389 679 464 731 quam
476 667 626 733 repugnent,
637 663 749 733 plerique
762 680 813 717 non
821 661 916 717 vident.
941 663 1058 718 Laudant

271 738 337 792 enim
349 754 401 804 eos,
413 737 457 806 qui
469 756 542 807 aequo
554 738 637 792 auimo
649 739 803 792 moriantur:
823 738 866 809 qui
878 738 984 793 alterius
997 757 1059 793 mor·

270 817 322 867 tem
335 830 408 882 usquo
418 813 500 866 animo
509 813 599 881 serant,
611 831 654 868 eos
664 819 756 883 putant
767 812 958 883 vituperandos.
985 814 1060 879 Quasi

270 888 325 942 ficri
333 888 385 942 ullo
395 888 468 942 modo
476 888 563 957 possit,
568 889 634 959 quod
642 890 669 942 in
677 889 799 944 amatorio
809 906 923 943 sermone
932 888 983 943 dici
990 890 1061 953 solet,

231 970 261 1021 ta
271 969 300 1018 ut
312 964 444 1034 quisquam
456 964 513 1033 plus
526 964 632 1018 alterum
642 964 740 1035 diligat,
750 982 824 1035 quam
836 982 871 1017 se.
908 965 1061 1020 Praeclarum

269 1039 332 1094 illud
344 1046 390 1104 cst,
403 1044 437 1107 et,
449 1040 471 1094 si
483 1040 581 1110 quaeris,
593 1045 692 1094 rectum
705 1058 805 1110 quoque
817 1043 843 1093 et
856 1057 954 1107 verum,
967 1045 998 1094 ut
1010 1058 1059 1105 eos,

176 1162 188 1175 ,
271 1115 314 1186 qui
329 1114 401 1170 nobis
414 1115 536 1169 carissimi
551 1133 606 1170 esse
618 1114 733 1179 debeant,
747 1133 826 1185 aquo,
839 1133 868 1169 ac
881 1116 1061 1186 nosmetipsos,

271 1210 397 1245 amemus:
419 1195 449 1245 ut
467 1210 526 1245 vero
544 1191 608 1262 plns,
627 1191 682 1245 lieri
700 1190 769 1244 nullo
790 1194 864 1259 pacto
886 1194 982 1260 potest.
1021 1192 1061 1245 Ne

198 1295 201 1300 ·
271 1268 408 1338 optandum
422 1266 522 1337 quidem
535 1270 574 1321 est
586 1267 614 1320 iu
626 1265 744 1329 amicitia,
757 1269 787 1319 ut
799 1284 839 1320 me
851 1264 892 1319 illc
905 1265 971 1335 plus,
986 1285 1060 1337 quam

271 1362 306 1409 se,
322 1361 370 1413 ego
386 1343 456 1396 illum
474 1342 539 1411 plus,
553 1360 628 1412 quam
646 1360 694 1395 mc.
730 1339 895 1395 Perturbatio
907 1341 976 1409 vites,
989 1343 1011 1396 si
1027 1343 1061 1396 ita

271 1420 312 1482 sit,
326 1424 402 1488 atquc
414 1417 550 1471 officiorum
562 1417 675 1471 omnium
688 1421 864 1487 consequatur.

305 1494 390 1547 XXX.
410 1491 461 1545 Sed
477 1491 508 1545 dc
525 1492 573 1546 hoc
591 1493 668 1546 alias:
693 1510 760 1547 nuuc
777 1491 840 1548 illud
858 1492 920 1545 satis
943 1495 992 1558 est,
1010 1510 1062 1546 non

272 1566 409 1622 attribuere
421 1565 453 1619 ad
465 1566 623 1621 amissionem
640 1568 777 1621 amicorum
793 1568 920 1621 miseriam
937 1571 1061 1631 nostram,

271 1661 303 1697 ne
321 1642 376 1695 illos
392 1641 457 1710 plus,
469 1659 543 1711 quam
561 1642 610 1712 ipsi
622 1642 708 1706 velint,
723 1643 743 1696 si
762 1642 888 1706 sentiant3
908 1641 965 1711 plus
983 1648 1060 1705 certe,

273 1736 347 1788 quam
359 1717 534 1786 nosmetipsos,
547 1717 689 1786 diligamus.
717 1719 783 1770 Nam
796 1716 863 1788 quod
875 1718 954 1782 aiunt,
969 1717 1062 1787 pleros-

273 1811 322 1864 que
340 1792 551 1847 consolationibus
572 1793 634 1846 nilril
651 1792 736 1857 levari,
756 1792 958 1862 adjunguutque‚
976 1811 1062 1846 conso-

272 1868 365 1922 latores
377 1869 444 1938 ipsos
457 1868 571 1922 confiteri
583 1886 610 1922 se
623 1868 735 1932 miseros,
750 1886 827 1937 quum
840 1867 871 1920 ad
883 1885 926 1921 eos
939 1867 1062 1938 impetum

273 1963 347 1999 snum
365 1945 468 1999 fortuna
484 1944 645 2008 converterit,
658 1948 795 2013 utrumque
813 1942 976 1997 dissolvitur:
1002 1949 1062 1997 sunt

273 2023 339 2076 enim
357 2021 407 2075 ista
422 2038 473 2074 non
490 2024 587 2074 nature
599 2019 668 2083 vitia,
682 2018 726 2072 sed
738 2018 824 2088 culpae.
862 2017 1003 2072 Stultitiam
1020 2038 1062 2072 au-

273 2101 325 2151 lem
343 2115 459 2152 accusare
472 2096 585 2167 quamvis
601 2094 701 2164 copiose
719 2094 786 2147 licet.
822 2093 890 2147 Nam
909 2094 994 2164 etqui
1012 2112 1063 2148 non

273 2174 396 2239 levantur,
405 2173 454 2242 ipsi
463 2172 495 2225 ud
507 2189 534 2226 se
547 2171 670 2226 miseriam
684 2170 810 2224 invitant:
828 2174 855 2222 et
864 2170 907 2238 qui
919 2187 980 2223 suos
989 2187 1063 2224 casus

274 2248 346 2301 aliter
358 2248 451 2311 ierunt,
464 2249 541 2315 atque
552 2251 668 2300 auctores
681 2245 736 2299 aliis
747 2245 797 2314 ipsi
808 2243 918 2308 luerunt,
932 2262 984 2298 uon
1001 2248 1063 2298 suut

273 2323 422 2389 vitiosiores,
435 2340 509 2392 quam
522 2323 575 2376 tere
590 2322 712 2391 plerique,
723 2322 767 2392 qui
783 2321 852 2374 avari
863 2338 958 2384 avaros,
973 2321 1062 2390 gloriae

274 2397 378 2467 cupidos
401 2397 505 2467 gloriosi
528 2396 724 2466 reprehendunt.
769 2397 818 2450 nst
842 2396 907 2451 cuim
932 2397 1063 2466 proprium

235 2473 398 2536 llstultitiae,
412 2472 516 2525 aliorum
529 2471 591 2524 vitia
607 2488 717 2535 cernere,
733 2470 847 2525 oblivisci
863 2488 975 2525 suorum.
1013 2470 1064 2524 Sed

274 2548 391 2602 nimirum
403 2547 451 2600 hoc
463 2546 599 2599 maximum
608 2551 648 2600 est
659 2547 866 2615 experimentum,
875 2564 952 2617 quum
962 2549 1063 2600 constet

274 2623 448 2695 egritudinem
464 2626 592 2677 vetustate
609 2623 672 2689 tolli,
685 2623 750 2678 hanc
767 2624 818 2678 vim
835 2641 887 2677 nou
905 2640 960 2677 esse
978 2622 1005 2675 in
1023 2621 1063 2676 die

273 2699 389 2769 positam,
401 2698 446 2753 sed
457 2699 484 2752 iu
495 2698 648 2769 cogitatione
660 2699 788 2754 diuturna.
823 2699 890 2753 Nam
903 2698 925 2751 si
937 2701 964 2751 ct
976 2696 1061 2751 eadem

271 2795 315 2831 res
334 2780 382 2842 est,
400 2780 427 2829 et
444 2775 511 2829 idem
529 2779 569 2829 est
590 2775 681 2830 homo:
706 2776 750 2845 qui
770 2778 855 2845 potest
874 2773 1010 2845 quidquam
1032 2772 1062 2827 de

259 2851 351 2909 dolore
362 2853 470 2924 mutari,
482 2854 505 2912 si
523 2871 609 2928 neque
621 2851 654 2909 ue
665 2869 706 2918 eo,
712 2854 817 2921 propter
829 2849 899 2920 quui
907 2848 1063 2917 usletquid·
