2634 3367
477 325 544 373 LIB.
563 325 599 372 11.
617 324 691 373 CAP.
712 325 750 381 15,
765 325 803 372 lo:
1010 324 1041 375 ⁶7

283 435 358 491 va
375 436 496 491 Militiam
512 437 733 505 vero—(nostram
749 434 814 499 dico,
832 451 884 489 non
902 434 1080 505 spedista-87

246 530 313 580 rum,
332 530 438 583 quorum
456 512 571 583 procedit
588 530 659 567 mora
676 511 708 566 ad
725 511 822 579 tibiam,
840 528 887 565 nec
907 510 1042 567 adhibetur

245 589 299 642 ulla
317 590 371 643 aine
389 589 522 659 anapaestis
542 588 649 659 pedibus
667 587 792 657 hortatio)
811 586 893 642 nostri
913 588 1041 644 exereitus

245 666 357 735 primum
369 664 437 719 unde
452 682 543 719 nomen
558 663 677 729 habeant,
692 663 781 719 vides:
800 663 889 719 deinde
902 663 945 734 qui
961 663 1039 730 labor,

245 744 358 810 quantus
377 740 498 811 agminis!
518 740 584 794 ferre
601 739 659 810 plus
677 738 802 794 dimidiati
819 738 914 794 mensis
930 737 1038 795 cibaria:

245 817 320 881 ferre,
334 815 356 870 ai
369 817 430 887 quid
442 814 474 870 ad
486 834 559 869 nsum
572 815 667 870 velint:
685 815 752 870 ferre
763 815 864 870 vallum.
902 814 971 870 Nam
982 833 1040 870 scu·

244 899 310 956 tum,
323 891 443 962 gladium,
459 891 563 961 galeam,
580 891 608 945 in
619 908 696 945 onere
712 891 793 945 nostri
808 891 901 946 milites
916 908 969 945 non
980 891 1037 960 plus

243 976 388 1032 numerant,
402 985 477 1037 quarn
488 967 614 1031 humeros,
627 966 744 1031 lacertos,
756 984 854 1021 manus.
881 968 960 1021 Arma
971 968 1038 1022 eninr

245 1043 360 1099 membra
379 1043 466 1097 militis
484 1062 539 1097 esse
557 1042 652 1097 dicunt.
690 1044 753 1109 Qua
770 1042 872 1113 quidem
888 1043 927 1097 ita
945 1049 1038 1114 gerunt

245 1126 312 1192 apte,
338 1123 376 1184 ut,
401 1120 422 1174 ai
446 1138 508 1174 usus
532 1120 605 1185 ferat,
630 1118 737 1189 abjectis
761 1119 888 1183 oneribus,
913 1120 1037 1190 expeditis

243 1195 329 1260 armis,
342 1200 372 1250 ut
384 1194 510 1262 membris,
522 1213 636 1265 pugnare
648 1195 756 1266 possint.
785 1193 871 1261 Quid?
890 1195 1037 1251 exercitatio

242 1270 371 1342 legionum
383 1289 390 1335 ;
408 1271 488 1342 quidl
506 1271 548 1325 ille
559 1289 657 1335 cursus,
671 1288 817 1337 concursus,
833 1269 934 1334 clamor,
948 1271 1037 1341 quanti

242 1347 336 1403 laboris
353 1348 407 1402 est!
431 1348 472 1401 Ex
490 1348 538 1403 hoc
555 1347 597 1403 illc
611 1348 710 1402 animus
728 1347 756 1401 in
773 1346 865 1418 preliis
883 1350 987 1417 paratus
1003 1346 1035 1402 ad

242 1422 356 1477 vulnera.
397 1423 489 1478 Adduo
511 1423 567 1494 peri
590 1410 673 1477 animo
696 1424 888 1479 inexerc'tatum
913 1423 1033 1479 militem:

242 1498 334 1553 mulier
348 1498 481 1554 videbitur.
518 1499 592 1554 (luri
612 1500 722 1554 'lantum
739 1500 845 1555 interest
861 1500 928 1554 inter
939 1517 1033 1555 novum
1042 1512 1073 1558 88

242 1580 270 1628 et
282 1580 393 1629 veterem
410 1575 557 1640 exercitum,
573 1581 697 1646 quantum
712 1577 810 1647 experti
826 1594 922 1630 snmus.
958 1576 1034 1631 AEtas

242 1649 354 1703 tironum
375 1649 523 1722 plerumque
546 1651 648 1706 meliore
673 1651 718 1706 sed
741 1652 807 1705 ferre
830 1651 949 1716 laborem,
973 1668 1033 1706 con·

241 1728 355 1780 temnere
373 1725 464 1781 vulnus
485 1727 643 1782 consuetudo
658 1726 740 1782 docet.
776 1726 943 1785 Quinctium
964 1726 1033 1781 vide·

241 1819 308 1868 mus,
326 1819 358 1855 ex
378 1801 431 1856 acie
448 1802 533 1856 efferri
552 1821 619 1873 saepe
638 1802 736 1857 saucios
746 1822 754 1867 3
777 1807 804 1857 et
825 1802 926 1873 quidem
943 1801 1032 1857 rudem

240 1876 313 1931 illum
325 1881 353 1932 et
368 1877 570 1943 inexercitatum,
583 1878 697 1949 quamvis
713 1878 763 1932 levi
778 1878 841 1941 ictu,
853 1878 966 1947 ploratus
978 1882 1033 1932 tur-

240 1952 358 2021 pissimos
368 1952 456 2008 edere:
475 1958 574 2008 atvero
585 1954 627 2008 ille
636 1952 791 2009 exercitatus
799 1956 826 2006 et
836 1956 911 2007 vetus
924 1952 956 2008 ob
965 1971 1032 2007 eam-

241 2047 291 2098 que
306 2046 360 2083 rem
372 2030 470 2096 fortior,
485 2028 610 2085 medicum
625 2028 702 2084 modo
719 2027 858 2097 requirens,
873 2044 890 2081 a
904 2045 955 2098 quo
969 2028 1033 2084 obli·

239 2109 325 2175 ntur,

274 2209 435 2266 OPttrocles‚
449 2208 547 2271 (inqutt)
560 2209 591 2256 ed
605 2210 648 2255 vos
663 2206 799 2267 adveniens,
811 2207 930 2255 stallium
941 2212 966 2254 et
977 2222 1030 2255 vea-

464 2283 511 2327 traa
522 2277 609 2326 manus

272 2350 335 2412 peto,
350 2349 490 2412 priusquam
504 2352 616 2412 oppetfinr
630 2347 720 2397 malam
734 2351 837 2413 pestem,
852 2350 933 2398 datam
948 2349 1031 2397 hostili

466 2435 553 2467 manu:

271 2505 350 2552 neque
360 2490 456 2551 unguis
467 2491 518 2539 ullo
529 2491 593 2553 potia
604 2498 641 2539 eat
650 2497 722 2554 pacto
732 2491 853 2554 prtfluens
865 2493 1009 2539 consisteres

272 2561 293 2607 si
305 2562 347 2622 qul
359 2560 475 2623 sapientie
484 2562 557 2623 magi’
569 2568 648 2610 vestra
659 2562 761 2609 devitari
772 2565 838 2609 mora
849 2569 933 2623 potest

272 2632 295 2678 N
299 2646 386 2693 amque
396 2629 525 2695 AEsculapl
535 2632 666 2680 liberorum
678 2632 753 2680 sancii
765 2632 865 2695 opplent
875 2632 995 2694 porticus:

271 2715 320 2749 non
332 2699 413 2763 pdteat
424 2703 513 2750 accedi.
546 2702 574 2749 P.
589 2701 660 2749 certa
671 2701 815 2764 Eurypylus
826 2698 866 2749 hic
878 2701 976 2761 quidem
987 2703 1029 2745 est.

467 2770 600 2819 Hominem
610 2772 761 2821 exercituml

233 2862 281 2915 ati
289 2864 389 2917 tratum
399 2862 490 2921 luctus
502 2866 691 2928 continuatur.
