2634 3367
376 323 379 328 ¹
472 329 540 377 LIB.
554 329 596 378 1v.
616 328 690 377 CAP.
702 332 740 386 25,
753 330 792 377 26.
980 328 1023 377 141

235 436 419 507 detestabilem,
432 458 539 511 qnorum
554 444 594 494 est
609 439 712 494 tandem
729 438 953 510 philosophorum?
990 439 1026 492 At

233 516 365 573 commode
378 516 443 571 dixit
454 517 584 584 Afranius,

232 695 235 702 Ι
298 632 438 683 Dummodo
450 634 528 682 doleat
538 634 635 696 dliquid,
649 634 728 682 doleat
738 630 872 697 quidlubet.

232 743 307 797 Dixit
328 743 394 796 euim
416 741 447 795 de
467 740 626 795 adolescente
647 742 747 811 perdito
768 760 797 797 ac
815 742 954 796 dissoluto:
977 759 1023 795 nos

233 823 319 873 autem
331 818 363 872 do
376 817 502 871 constanti
513 817 568 871 viro
581 834 610 870 ac
624 817 733 886 sapienti
745 818 887 888 quaerimus.
922 817 957 871 Et
971 817 1024 887 qui·

233 893 290 948 dem
306 894 386 963 ipsam
405 892 473 945 illam
489 892 552 945 iram
565 893 681 946 centurio
693 892 784 946 habeat
797 897 841 946 aut
858 892 969 963 signifer,
983 892 1024 946 vel

233 969 319 1033 ceteri,
342 968 374 1022 de
395 967 486 1038 quibus
507 967 557 1021 dici
578 985 630 1021 non
652 985 756 1021 necesse
777 973 823 1034 est,
841 986 873 1021 ne
893 968 1023 1021 rhetorum

233 1046 374 1115 aperiamus
393 1043 519 1114 mysteria
555 1043 627 1097 Utile
644 1047 684 1097 est
703 1044 777 1109 enim,
793 1046 832 1097 uti
850 1047 920 1097 motu
939 1044 1022 1107 animi,

232 1124 277 1191 qui
298 1121 338 1174 nti
359 1120 456 1173 ratione
477 1136 528 1172 uon
549 1123 650 1187 potest:
675 1136 722 1173 nos
744 1122 837 1182 autem,
855 1124 884 1172 ut
902 1119 1024 1173 testificor

232 1214 307 1267 saepe,
321 1196 353 1249 de
364 1196 478 1265 sapiente
490 1194 634 1264 querimus.

268 1271 367 1325 XXVL
385 1272 421 1324 At
439 1270 515 1324 etiam
534 1270 646 1323 emulari
664 1268 726 1323 utile
744 1272 791 1333 est,
810 1268 960 1333 obtrectare,
978 1269 1062 1324 mi-oo

232 1345 320 1403 sereri.
356 1347 408 1400 Gur
425 1345 558 1399 misereare
576 1345 669 1414 potius,
683 1363 757 1415 quam
775 1346 841 1399 seras
860 1362 940 1414 opem,
958 1345 979 1398 si
997 1345 1023 1398 id

232 1423 317 1478 facere
333 1422 434 1490 possis?
471 1423 513 1475 An
529 1422 583 1474 siue
595 1421 767 1475 misericordis
779 1421 893 1475 liberales
906 1438 1024 1475 essenon

232 1499 388 1570 possumus?
422 1498 482 1551 Non
493 1498 559 1551 enim
572 1496 700 1566 suscipere
712 1497 760 1567 ipsi
772 1497 937 1568 aegritudines
949 1514 1024 1568 prop·

234 1579 276 1630 ter
293 1574 356 1627 alios
372 1572 500 1637 debemus,
513 1572 557 1627 sed
576 1572 644 1637 alios,
658 1573 681 1627 si
697 1591 840 1643 possumus,
853 1574 935 1628 levare
953 1574 1024 1644 aegn'·

233 1649 333 1705 tudine.
370 1649 518 1704 Obtrectare
536 1666 595 1702 vero
614 1648 693 1713 alteri,
713 1653 758 1704 eut
778 1650 821 1705 illa
838 1650 928 1703 vitiosa
947 1667 1023 1703 aemu-

234 1727 408 1794 latioresque
425 1725 546 1778 rivalitati
565 1724 653 1778 similis
674 1729 721 1791 est,
739 1726 850 1780 temulari
868 1724 929 1795 quid
946 1724 1023 1779 habet

233 1801 363 1865 utilitatis,
381 1819 459 1871 quum
476 1800 511 1854 sit
528 1799 676 1867 aemulantis,
691 1803 750 1869 angi
767 1801 848 1854 alieno
866 1799 939 1864 bono,
955 1800 1024 1870 quod

234 1877 290 1947 ipse
304 1894 356 1930 non
371 1875 480 1930 habeat:
497 1875 663 1929 obtrectantis
676 1881 769 1939 autem,
783 1876 839 1945 angi
856 1876 935 1929 alieno
948 1875 1021 1939 bono,

236 1951 344 2024 quodid
359 1951 435 2005 ctiam
448 1950 511 2004 alius
526 1949 637 2004 habeat?
676 1952 729 2011 Qui
745 1949 772 2002 id
788 1950 920 2019 approbari
937 1951 1023 2018 possit,

234 2029 286 2099 [te]
310 2026 483 2097 egritudinem
508 2026 635 2095 suscipere
660 2043 707 2095 pro
730 2025 891 2094 experientia,
916 2025 938 2077 si
964 2025 1022 2094 quid

235 2106 329 2161 habere
348 2103 430 2157 velis?
466 2102 534 2156 Nam
557 2101 638 2155 solnm
663 2100 755 2155 habero
776 2100 840 2154 velle
863 2117 960 2153 summa
981 2100 1024 2154 de-

235 2180 333 2235 mentia
343 2182 391 2233 est.
418 2178 608 2233 Mediocritates
621 2187 706 2231 autem
719 2176 840 2229 malorum
853 2176 909 2245 quis
922 2175 1022 2230 laudare
1031 2180 1063 2231 57

235 2261 306 2311 recte
323 2256 423 2325 possit?
459 2254 526 2313 Quis
546 2254 612 2307 enim
633 2256 726 2322 potest,
745 2252 773 2307 in
792 2270 842 2323 quo
859 2251 936 2306 libido
954 2253 1024 2323 cupi-

236 2332 335 2386 ditasve
347 2331 388 2395 sit,
401 2349 452 2384 uon
467 2330 614 2384 libidinosus
627 2334 653 2383 et
666 2328 772 2399 cupidus
785 2329 859 2383 esse?
877 2328 903 2382 in
916 2347 965 2398 quo
977 2330 1022 2395 ira,

235 2426 288 2463 non
310 2406 465 2461 iracundus?
492 2407 518 2459 in
542 2424 592 2475 quo
615 2424 702 2476 angor,
724 2424 775 2460 uon
795 2406 903 2461 anxius?
927 2407 1023 2478 inquo

235 2485 320 2548 timor,
333 2501 384 2537 non
401 2481 525 2536 timidus?
561 2481 736 2536 libidinosum
749 2483 828 2553 igitur
840 2482 878 2553 [et
891 2481 1023 2552 cupidum]

234 2565 262 2616 et
283 2558 432 2613 iracundum
456 2561 484 2612 et
505 2557 606 2611 anxium
631 2563 657 2612 et
678 2558 793 2612 timidum
817 2576 947 2613 censemus
968 2576 1023 2612 esse

235 2636 395 2705 sapientem?
431 2635 471 2687 De
491 2637 564 2702 cujus
584 2633 734 2688 excellentia
754 2633 836 2687 multa
854 2633 954 2703 quidem
974 2634 1023 2687 dici

235 2712 351 2783 quamvis
360 2711 417 2763 fuse
425 2709 525 2780 lateque
536 2714 659 2778 possunt;
678 2708 723 2762 sed
732 2708 877 2763 brevissime
885 2707 928 2761 illo
939 2706 1021 2770 modo,

235 2788 386 2858 sapientiam
405 2803 461 2839 esse
479 2804 563 2839 rerum
582 2784 722 2837 divinarum
744 2788 770 2837 et
790 2784 956 2837 humanarum
976 2781 1024 2833 sci-

235 2865 329 2921 entiam
350 2861 579 2935 cognitionemque,
601 2878 661 2935 que
681 2862 813 2933 cuiusque
832 2857 880 2914 re‘u
898 2870 984 2911 seusa
1000 2851 1052 2901 sn„
