2634 3367
292 335 322 381 1⁰
430 332 627 381 TUSCULAN.
646 332 942 382 DISPUTATIONUM

290 442 390 497 dnobus
401 441 579 497 Pherecratem
591 442 725 513 quemdam
736 442 886 497 Phthiotam
898 460 992 509 senem,
1005 460 1080 514 quem

291 518 355 572 uita
370 518 525 572 Deucalione
536 522 629 583 ortum,
647 518 812 573 disserentem
830 518 935 583 inducit,
948 518 1012 573 nihil
1028 537 1083 573 esse
1136 527 1144 576 ἱ

292 594 393 648 omnino
410 593 529 661 animum,
541 598 568 648 et
585 594 632 649 hoc
644 613 701 649 esse
718 613 810 649 nomen
822 600 905 649 totum
922 596 1004 660 inane,
1017 595 1083 649 irns-

291 675 382 739 traque
404 674 430 724 et
451 670 568 724 animalia
588 674 615 725 et
635 671 776 726 animantes
797 671 932 741 appellari3
954 689 1036 741 neque
1057 671 1084 725 in
1133 671 1144 740 f

293 746 393 801 homine
404 746 487 801 inesse
499 746 611 800 animum
623 747 664 802 vel
676 748 791 812 animam,
804 765 851 802 neo
867 748 894 802 in
905 747 1002 801 bestia:
1021 746 1084 801 vim·
1133 757 1137 808 i

293 841 342 893 qne
354 840 453 876 omnem
465 840 528 886 eam,
539 842 590 893 qna
600 823 642 877 vel
653 842 758 894 agamus
770 823 833 892 quid
845 823 885 878 vel
897 823 1044 885 sentiamus,
1056 822 1085 876 in
1134 833 1137 852 '

293 898 409 953 omuibus
427 899 575 967 corporibus
595 899 658 954 rivis
680 899 837 970 aequabiliter
855 917 911 954 esse
928 899 1020 962 fusam,
1038 916 1084 953 neo

293 974 457 1045 separabilem
475 992 607 1046 acorpore
625 993 688 1040 esse,
707 976 802 1046 quippe
818 994 875 1046 qum
892 975 962 1029 nulla
979 976 1021 1042 sit,
1037 992 1085 1029 neo

294 1051 328 1105 ait
344 1050 489 1121 quidquam,
503 1052 552 1106 uisi
568 1069 659 1121 eorpus
673 1070 751 1105 unum
764 1056 791 1106 et
810 1052 925 1122 simplex,
937 1052 975 1105 ita
991 1051 1085 1120 figura-

257 1131 358 1192 22tunr,
377 1131 407 1181 ut
425 1128 607 1198 temperatione
622 1134 721 1182 natura
733 1128 818 1198 vigeat
834 1134 861 1182 et
878 1126 980 1182 sentiat.
1015 1126 1085 1180 Aris-

294 1203 386 1259 totelea
403 1202 478 1274 longe
491 1204 608 1258 omnibus
622 1204 767 1272 (Platonem
783 1222 883 1274 semper
896 1202 1005 1272 excipio)
1022 1220 1085 1273 prae·

294 1287 365 1337 stans
378 1284 405 1335 et
416 1281 518 1350 iugenio
531 1293 557 1335 et
570 1281 709 1352 diligentia,
723 1300 800 1352 quum
813 1286 923 1352 quatuor
933 1279 977 1334 illa
992 1298 1086 1350 genera

295 1357 475 1428 principiorum
484 1359 553 1411 esset
565 1357 718 1426 complexus,
728 1375 743 1411 e
753 1357 844 1428 quibus
856 1357 941 1411 onmia
949 1356 1084 1419 orirentur,

295 1432 409 1503 quintum
422 1432 554 1502 quamdam
567 1436 683 1485 naturam
696 1435 783 1487 censet
796 1450 859 1499 esse,
871 1450 885 1487 e
897 1449 948 1501 qua
960 1432 994 1486 sit
1005 1449 1086 1487 mens.

296 1508 415 1579 Cogitate
426 1507 493 1561 enim
506 1512 533 1561 et
546 1507 677 1576 providere
689 1512 715 1561 et
728 1507 825 1563 discere
837 1512 863 1562 et
876 1508 966 1563 dooere
978 1512 1004 1562 et
1014 1508 1087 1562 inve·

295 1584 350 1639 nire
362 1581 466 1652 aliquid,
475 1587 502 1637 et
513 1587 565 1637 tam
578 1582 659 1638 multa
671 1583 720 1637 alia
732 1584 882 1650 meminisse,
893 1602 984 1649 amare,
995 1584 1087 1649 odisse,

296 1677 397 1729 cupere,
416 1659 513 1724 timere,
532 1659 599 1729 angi,
617 1658 712 1714 laetari:
731 1659 785 1715 hoeo
803 1665 830 1716 et
847 1660 938 1715 similia
955 1678 1042 1716 eorum
1059 1660 1088 1714 in

296 1736 386 1792 borum
399 1740 509 1803 quatuor
521 1753 643 1807 generum
658 1735 742 1792 inesse
754 1736 824 1791 nullo
839 1741 922 1807 putat.
959 1736 1087 1795 Quintum

297 1830 378 1885 genna
396 1810 506 1876 adhibet,
525 1829 616 1866 vacans
634 1813 752 1867 nomine:
773 1816 800 1867 et
818 1814 854 1868 aio
874 1813 958 1883 ipsum
976 1811 1088 1866 animum

298 1894 451 1956 ὶντελέχειαν
463 1887 580 1959 appellat,
594 1906 660 1942 novo
676 1888 786 1957 nomine,
798 1889 872 1959 qnasi
884 1886 1018 1959 quamdam
1030 1904 1089 1942 oon·

297 1965 422 2021 tinuatam
436 1965 573 2019 motionem
585 1967 612 2018 et
624 1982 767 2034 perennem.

333 2042 382 2096 XI.
402 2041 461 2097 Nisi
481 2060 539 2112 quae
560 2059 599 2095 me
619 2040 686 2095 forte
707 2040 817 2111 lugiunt,
833 2039 887 2094 haec
906 2041 967 2093 sunt
984 2037 1038 2091 iere
1057 2036 1089 2092 ds

298 2117 381 2173 animo
397 2117 538 2172 sententiae.
574 2116 749 2171 Democritum
761 2116 837 2180 enim,
854 2132 973 2186 magnum
986 2112 1089 2183 quidem

298 2192 369 2247 illum
382 2193 472 2259 virum,
484 2191 530 2247 sed
541 2191 639 2246 levibus
648 2196 675 2246 et
687 2191 803 2245 rotundis
815 2189 971 2261 corpusculis
983 2189 1089 2243 efficien-

297 2273 351 2324 tem
374 2268 485 2322 animum
509 2285 634 2321 concursu
658 2267 766 2338 quodam
791 2267 906 2331 fortuito,
935 2265 1089 2321 omittamus.

299 2344 371 2400 Nihil
387 2348 428 2399 est
446 2344 512 2398 enim
528 2342 596 2412 apud
613 2342 686 2405 istos,
702 2342 770 2412 quod
787 2360 838 2396 non
856 2348 998 2397 atomomm
1015 2340 1091 2396 turba

190 2480 195 2491 ,
261 2421 423 2480 reconfidat.
465 2421 565 2473 Harum
589 2418 772 2473 sententiarum
796 2437 854 2488 qum
877 2437 937 2474 vera
960 2418 1002 2484 ait,
1027 2417 1090 2471 deus

299 2496 375 2567 aliqui
392 2495 501 2551 viderit:
519 2513 576 2564 quae
588 2494 641 2548 reri
659 2494 793 2560 simillima,
810 2514 902 2566 magua
918 2494 1024 2565 questio
1041 2498 1089 2547 est·

299 2574 396 2627 Utrum
412 2572 492 2643 igitur
504 2571 571 2625 inter
584 2570 629 2624 has
647 2571 788 2625 sententias
800 2570 940 2641 dijudicare
955 2569 1089 2632 malumus,

300 2668 333 2703 an
344 2648 376 2703 ad
389 2647 545 2719 propositum
558 2646 659 2701 redire?
684 2648 715 2699 A.
726 2647 851 2716 Cuperem
861 2646 977 2716 equidem
991 2650 1091 2698 utrum·

295 2744 354 2792 qne,
367 2726 391 2778 si
403 2728 509 2793 posset:
529 2722 574 2777 sed
590 2727 629 2776 est
642 2722 741 2777 difficile
753 2722 916 2777 confundere.
954 2721 1041 2779 Quare
1059 2720 1090 2784 si,

277 2802 311 2845 nt
318 2798 375 2851 ata
385 2818 441 2853 non
455 2800 629 2871 disserantur,
641 2801 659 2857 li
662 2800 747 2857 berari
759 2800 851 2855 mortis
866 2802 941 2853 metu
948 2814 1094 2865 possumus,

252 2864 292 2916 sd
299 2884 437 2936 warns:
455 2877 500 2934 siu
517 2880 549 2938 id
565 2899 626 2939 non
637 2884 740 2956 potest,
757 2879 814 2937 nisi
825 2878 880 2934 bae
896 2871 1041 2945 quaestione
1055 2870 1110 2921 aar·
