2634 3367
363 347 408 392 182
501 343 698 394 TUSCULAN.
716 341 1016 394 manutentorem

361 457 400 512 M.
414 459 456 511 An
473 459 503 510 tu
521 473 561 510 me
578 456 605 509 im
617 453 684 510 viola
700 453 817 524 putabas,
829 457 875 510 aut
890 453 919 510 iu
934 469 994 510 rose
1004 452 1106 510 dicere:
1123 470 1144 508 ar

361 533 479 602 Epicuro,
490 531 534 601 qui
543 529 721 586 tautummodo
732 529 815 586 induit
827 547 960 600 personum
971 528 1144 599 philosophie

361 608 410 662 eibi
428 607 482 676 ipse
503 607 551 662 hoc
570 623 664 661 nomeu
683 605 820 676 inscripsit,
841 605 926 662 dicere
944 604 1049 661 licebit:
1076 607 1144 676 (quos

361 681 470 752 quidem,
488 685 518 736 ut
538 681 615 736 hebet
634 699 663 738 se
679 699 729 747 res,
748 700 789 737 mc
806 684 892 738 mmen
909 680 1048 751 plaudente
1065 681 1127 738 dicit
1135 681 1144 749 :j

362 757 492 814 “Nullum
505 757 613 827 sapienti
628 775 685 812 esse
700 761 809 828 tempus,
822 757 872 812 etsi
887 761 985 825 uratur,
996 760 1144 828 torqueatur

361 839 468 898 secetur,
478 833 540 903 quin
551 833 633 904 possit
644 832 791 899 exetemare,
804 833 890 901 Quam
897 851 946 903 pro
954 833 1044 888 uate
1053 832 1144 904 pacto?

361 927 440 979 quum
457 909 597 979 prasertim
618 925 693 964 omne
711 907 806 964 malum
826 907 913 964 dolore
929 907 1042 973 definiat.
1060 908 1144 966 bunun

361 983 506 1056 voluptate;
525 984 579 1040 huc
590 987 680 1039 nostro
690 983 806 1050 honeste,
817 983 903 1055 turpis
914 983 1027 1050 irrideat,
1037 983 1144 1056 ffioetqm

361 1077 416 1124 noa,
428 1060 456 1116 iu
467 1059 571 1118 vocibus
582 1062 729 1130 occupatos,
741 1059 829 1116 inanes
842 1076 919 1116 sonos
929 1058 1055 1126 fundum
1073 1078 1144 1132 nequ

362 1135 499 1208 quidquam
517 1135 550 1192 ud
567 1153 615 1191 nos
630 1135 764 1206 pertinere,
777 1135 826 1192 nisi
838 1134 907 1207 quod
921 1138 968 1191 sut
982 1134 1039 1192 leve
1054 1140 1101 1192 aut
1116 1153 1144 1192 as

361 1230 450 1283 perum
467 1213 495 1269 iu
512 1228 616 1283 comere
634 1211 871 1268 sentietur-huic
887 1227 958 1283 ergo,
973 1214 1005 1267 ut
1023 1211 1087 1276 dixi,
1103 1229 1144 1267 nor

361 1289 472 1344 multum
492 1287 618 1344 differenti
641 1304 658 1343 s
678 1286 774 1358 judicio
794 1286 913 1353 terarum,
933 1286 1049 1343 oblivisci
1069 1287 1144 1344 licebi

362 1365 422 1419 suit
443 1369 470 1420 et
486 1369 540 1420 tum
559 1364 687 1419 fortunam
705 1369 873 1428 contemnere,
891 1381 969 1433 quum
987 1364 1022 1418 sit
1037 1380 1144 1421 omnee

361 1439 455 1494 bonum
467 1441 522 1510 ejus
538 1443 565 1495 et
580 1439 674 1494 malum
690 1439 718 1495 in
732 1443 860 1508 potestate
871 1438 989 1503 fortunus,
1001 1442 1059 1494 tum
1071 1439 1144 1495 dicen

361 1532 390 1569 se
407 1514 510 1569 beatum
530 1515 557 1570 in
572 1533 671 1569 summo
687 1516 802 1570 cruciatu
822 1519 899 1586 utque
915 1515 1058 1580 tormentis,
1075 1533 1144 1587 quun

362 1589 530 1653 constituerit,
548 1605 600 1642 uon
617 1588 691 1644 modo
707 1608 833 1644 summum
848 1590 942 1645 malum
960 1607 1017 1645 esse
1033 1589 1144 1646 dolorem

324 1663 408 1724 assed
427 1664 504 1720 etium
527 1663 627 1719 solumi
663 1665 721 1720 Nee
740 1683 801 1721 vero
823 1665 867 1721 illa
886 1664 935 1721 sibi
954 1665 1067 1721 remedie
1086 1683 1144 1723 com

363 1741 460 1812 perurit
471 1739 504 1796 ud
515 1739 673 1796 tolerandum
686 1742 805 1807 dolorem,
817 1742 963 1798 firmitatem
974 1742 1061 1811 animi,
1072 1743 1144 1814 turpi

362 1817 459 1874 tudinis
473 1817 656 1883 verecundiam,
673 1818 879 1874 exercitationem
895 1818 1144 1891 consuetudinemque

363 1894 482 1966 patiendi,
504 1897 630 1965 proecepts
652 1894 818 1958 fortitudinis,
839 1894 959 1949 duritiem
977 1894 1085 1961 virilem,
1109 1897 1144 1951 ses

363 1988 415 2025 uua
429 1989 458 2026 se
473 1970 535 2026 dicit
550 1970 723 2026 recordatione
739 1970 897 2040 acquiescere
914 1970 1101 2041 preteritarum
1111 1988 1144 2027 ro

362 2045 507 2116 luptatum:
527 2051 565 2112 ut,
582 2047 604 2101 si
621 2047 678 2117 quis
695 2049 814 2111 aestuuus,
830 2064 906 2117 quum
925 2047 977 2101 vim
993 2046 1086 2103 caloris
1102 2065 1144 2104 nor

363 2119 437 2175 iuoiie
453 2122 571 2191 patiatur,
582 2122 709 2178 recordari
720 2122 789 2189 velit,
800 2140 828 2177 se
844 2121 977 2192 aliquando
992 2123 1020 2178 in
1035 2124 1144 2195 Arpinat

363 2200 452 2251 nostro
475 2197 565 2267 gelidis
588 2198 733 2253 fluminibus
756 2198 937 2254 circumfusum
959 2198 1046 2254 tuisse
1092 2200 1144 2256 Nor

364 2271 430 2326 euim
448 2272 528 2339 video,
546 2290 596 2343 quo
614 2273 689 2329 modo
709 2274 797 2329 sedare
816 2275 914 2344 possint
934 2274 999 2329 moin
1019 2277 1144 2345 prasenti

325 2348 498 2416 repraeteritoe
509 2347 660 2417 voluptates.
696 2349 747 2404 Sed
763 2367 839 2419 quum
855 2351 878 2405 is
894 2350 961 2405 dicet
978 2368 1078 2421 semper
1095 2352 1144 2408 beu

363 2427 420 2482 turn
440 2439 496 2477 esse
517 2422 663 2492 sapientem,
683 2424 725 2478 oui
744 2424 828 2480 dicero
847 2425 903 2491 hoc,
924 2425 947 2482 si
966 2426 1016 2481 sibi
1035 2435 1144 2483 constan

363 2498 447 2564 vellet,
468 2516 519 2553 nou
542 2498 645 2553 liceret:
671 2499 789 2569 quidnam
809 2501 953 2557 faciendum
975 2506 1016 2558 est
1038 2503 1087 2569 his,
1109 2523 1144 2575 qu

362 2574 426 2631 nihil
438 2574 613 2645 expetendum,
626 2573 689 2629 nihil
699 2575 727 2631 in
738 2575 810 2632 bonis
822 2576 972 2644 ducendum,
982 2578 1050 2649 quod
1061 2579 1144 2635 hones

362 2655 418 2707 tate
441 2655 533 2718 careat,
556 2650 721 2707 existimanti
756 2653 802 2708 Mc
825 2653 925 2724 quidem
949 2659 1052 2709 auctore
1074 2656 1144 2710 etiam

360 2727 526 2799 Peripatetici
550 2731 699 2801 veteresque
719 2728 862 2784 Academici
886 2729 1011 2784 balbutire
1035 2728 1144 2786 desinam

344 2805 494 2880 ab'quaudo,
510 2813 654 2887 aperteque
672 2812 700 2867 et
716 2807 861 2867 ciararoce
876 2804 988 2858 audeaut
1000 2806 1085 2860 dicare
1094 2807 1144 2860 usu

331 2887 386 2942 tum
404 2890 487 2950 utam
502 2892 530 2953 in
542 2889 703 2953 Phalaridis
713 2894 824 2949 taurum
835 2880 1030 2938 wm-
