2634 3367
274 333 290 381 s
412 330 609 382 nuscunnn
629 333 926 382 nisnunnsionun
995 322 1003 330 '

1048 445 1064 459 n

273 443 351 499 etiam
368 446 464 513 majora
481 444 578 499 molior.
614 447 644 497 A.
658 446 715 511 Quo
730 445 804 500 modo
822 446 871 501 hoo
887 445 951 501 nihil
968 450 1065 517 negoln

274 522 336 576 estl
362 525 407 576 aut
429 539 484 591 quae
505 525 565 574 sunl
586 520 689 575 landem
709 522 760 576 ista
780 524 896 592 majorol
931 523 969 577 M.
988 524 1063 588 Quin,

274 597 392 667 quonism
409 601 468 668 post
486 601 593 651 mortem
611 596 675 651 nihil
692 605 733 652 est
751 598 817 664 mali,
830 617 863 654 ne
880 618 948 654 mors
963 599 1064 669 quidem

274 677 314 728 est
327 673 434 728 malum:
453 673 495 728 oui
511 673 653 743 proximum
670 680 771 744 ternpus
788 680 828 730 est
841 680 898 746 post
910 681 1025 740 mortem,
1037 675 1064 730 in

274 766 325 820 quo
336 748 396 805 mali
407 748 470 803 nihil
481 767 536 803 esse
548 749 681 805 oonoedis:
699 750 780 805 itane
793 751 949 807 moriendum
962 750 1064 822 quidem

274 844 330 882 esse
342 826 435 881 malum
448 831 496 881 est.
522 825 553 881 Id
565 831 604 880 est
617 827 692 892 enim,
705 828 901 897 perveniendum
916 847 972 883 esse
984 828 1062 893 adid,

275 901 342 974 quod
362 920 413 958 non
434 920 489 957 esse
512 902 606 957 malurn
627 904 785 959 eonfitemur.
820 909 853 958 A.
872 904 984 960 Uberius
1004 904 1062 968 istu,

274 996 367 1051 quaeso.
403 979 467 1034 Haeo
487 977 554 1033 enim
575 979 716 1048 spinosiora
736 980 1063 1051 prins,utoonfitonr,1ne

274 1058 377 1126 oogunt,
399 1072 474 1125 qnam
494 1059 524 1108 ul
545 1055 677 1111 assentiar.
714 1055 764 1110 Sed
785 1074 840 1126 quie
864 1061 924 1111 sunl
948 1074 985 1119 os,
1007 1074 1062 1126 quoe

274 1132 337 1188 diois
349 1137 376 1187 le
387 1131 484 1204 majora
499 1131 602 1186 molin'l
631 1132 670 1187 M.
683 1131 723 1186 Ut
735 1131 845 1198 dooem,
858 1133 880 1187 si
897 1134 998 1202 possim,
1010 1150 1062 1187 non

274 1209 350 1266 modo
361 1208 454 1263 mulum
471 1226 523 1263 non
538 1226 601 1273 esse,
615 1208 660 1263 sed
672 1207 767 1264 boum
782 1210 858 1265 etiarn
873 1228 928 1264 esse
940 1213 1057 1264 mortem.

274 1289 307 1342 A.
323 1286 384 1341 Non
405 1283 507 1356 postulo
524 1284 551 1339 id
569 1283 685 1354 quidem
709 1303 771 1341 nveo
788 1290 874 1341 tamen
892 1285 985 1340 audire.
1022 1286 1061 1340 Ut

274 1362 339 1417 enim
352 1379 403 1416 non
415 1361 514 1424 efficias,
528 1358 595 1430 quod
607 1360 645 1414 vis
652 1382 660 1426 ;
679 1366 771 1427 tomen,
784 1380 852 1417 mors
864 1366 894 1416 ut
906 1361 998 1416 malum
1010 1380 1062 1417 non

274 1438 315 1503 sit,
335 1437 434 1491 efficies,
470 1433 521 1488 Sed
540 1434 603 1488 nihil
623 1438 650 1487 te
673 1435 846 1505 interpellabo.
882 1437 1061 1493 continentem

237 1512 411 1572 llorstionem
428 1508 515 1565 andire
526 1507 601 1563 molo.
637 1509 676 1564 M.
691 1510 778 1575 Quidl
798 1511 821 1565 si
837 1515 864 1565 te
879 1530 1000 1581 rogavero
1018 1515 1061 1569 nli-

273 1588 341 1660 quid,
365 1604 449 1642 nonne
472 1583 658 1655 respondebisl
693 1587 725 1640 A.
745 1586 885 1657 Superbum
908 1587 935 1642 id
959 1588 1060 1658 quidem

272 1668 349 1720 osset.
386 1661 443 1726 Sed,
455 1660 506 1715 nisi
518 1659 579 1731 quid
590 1678 693 1716 neeesse
705 1662 761 1727 erit,
775 1663 840 1717 mulo
852 1682 884 1719 ne
896 1682 978 1735 roges.

307 1740 355 1795 IX.
374 1739 414 1794 M.
428 1738 518 1792 Geram
531 1735 579 1806 libi
590 1754 694 1805 morem,
706 1742 733 1792 et
745 1757 782 1805 ea,
794 1758 850 1811 que
861 1741 908 1806 vis,
921 1747 950 1795 nt
963 1747 1058 1811 potero,

272 1815 409 1889 explicabo,
430 1832 477 1869 neo
497 1818 583 1868 lamen
601 1814 674 1883 quasi
692 1815 800 1887 Pythius
822 1817 920 1887 Apollo,
940 1823 1010 1873 serlo
1031 1824 1060 1874 nt

271 1893 323 1949 sint
344 1895 370 1947 el
391 1891 447 1955 fixe,
467 1908 523 1960 quse
543 1888 638 1957 dixero,
655 1890 700 1945 sed
722 1896 751 1946 ul
771 1890 938 1949 homunculus
959 1914 1025 1950 unus
1045 1914 1060 1949 e

271 1968 366 2036 multis,
380 1965 517 2038 probabilia
528 1966 675 2038 conjecture
691 1986 807 2039 sequens.
842 1970 919 2024 Ultra
931 1972 997 2025 enim
1010 1990 1060 2042 quo

271 2045 424 2117 progrediar,
444 2062 519 2116 quem
538 2048 569 2098 ul
589 2044 643 2098 ven'
664 2044 763 2099 videam
784 2044 881 2113 similia,
899 2064 950 2101 non
970 2046 1058 2101 habeo.

271 2121 349 2177 Gertn
365 2121 449 2177 dicent
466 2122 493 2186 ii,
513 2121 557 2192 qui
574 2124 601 2175 ob
618 2121 715 2192 peroipi
734 2139 855 2191 esposse
874 2121 969 2188 dieunt,
988 2128 1014 2177 el
1032 2141 1060 2177 se

271 2198 398 2269 sepientes
413 2214 469 2251 esse
484 2196 646 2267 profitentur.
682 2199 713 2253 A.
727 2198 775 2264 Tu,
788 2202 819 2253 ul
830 2197 946 2253 videtur:
965 2216 1012 2253 nos
1027 2198 1060 2253 sd

271 2272 422 2330 audiendum
434 2273 516 2343 parali
528 2290 625 2328 sumus.

305 2350 344 2404 M.
357 2349 430 2403 Mors
446 2347 526 2418 igilur
537 2347 600 2417 ipss,
612 2366 669 2418 quse
680 2348 781 2405 videtur
793 2351 925 2405 nobissima
938 2369 978 2406 res
995 2369 1058 2415 esse,

270 2425 332 2498 qnid
349 2426 391 2488 sil,
410 2424 519 2494 primum
536 2427 577 2478 est
594 2423 739 2480 videndum.
777 2427 843 2480 Sunt
861 2427 935 2493 enim,
948 2427 991 2498 qui
1009 2426 1060 2481 dis·

270 2519 370 2557 sessum
383 2499 459 2554 animi
471 2517 486 2552 a
497 2517 601 2569 corpore
614 2504 706 2569 putent
719 2519 775 2556 esse
788 2507 902 2557 mortem.
929 2504 1003 2569 Sunt,
1016 2503 1059 2574 qui

270 2578 367 2632 nullum
388 2579 508 2631 censeant
528 2576 582 2630 fien·
604 2575 750 2641 discessum,
769 2576 815 2632 sed
835 2597 886 2632 una
904 2579 1013 2633 animum
1032 2583 1059 2633 el

269 2671 361 2723 oonpus
372 2651 493 2717 occidere,
503 2652 664 2721 animumque
676 2652 703 2705 in
714 2670 819 2722 corpore
831 2654 968 2725 exstingui.
1005 2654 1059 2716 Qui

269 2728 397 2785 discedere
413 2728 523 2782 animuin
540 2734 651 2796 censent,
663 2728 706 2783 alii
722 2731 809 2783 statim
824 2729 948 2801 dissipari,
960 2731 1002 2786 elii
1014 2732 1058 2787 diu

244 2818 412 2868 permanete,
433 2804 480 2858 ahl·
495 2822 604 2877 semper.
643 2803 715 2865 Quid
732 2804 767 2861 sib
786 2822 863 2877 pono
879 2807 935 2875 ipse
951 2807 1059 2871 unimus,

229 2876 283 2922 aut
294 2876 347 2939 nbi,
359 2884 412 2934 aut
424 2881 504 2950 unde,
514 2902 615 2959 magna
629 2883 764 2943 dissensio
776 2887 830 2941 esb.
855 2881 923 2937 nun
933 2898 976 2935 oon
985 2880 1077 2946 'ipsum
