2634 3367
490 340 558 391 un.
577 340 598 391 1.
628 340 704 390 ΟΑΡ.
721 343 745 400 9,
765 343 801 391 10.
1026 342 1042 388 9

248 455 348 509 enimus
359 452 477 508 videtur:
497 470 529 507 ex
541 469 592 523 quo
603 452 728 520 woerda,
740 452 855 508 mer-dee
862 451 1042 523 concordesque

248 530 384 586 dicuntum
406 533 434 585 et
455 528 551 583 Neeioe
568 526 611 583 ille
630 527 749 599 prudeus,
771 528 810 585 bie
829 527 925 593 οοιιοιιΙ,
948 529 1041 581 Uom-

247 606 407 754 ²¹⁶⁸er
418 694 524 740 cordatus
534 692 608 739 home
620 699 689 739 eetue
702 692 778 740 AEliu’
793 691 888 739 Sextus.

247 771 415 843 Empedocles
433 770 544 825 animum
564 788 620 825 esee
639 773 726 825 oeneet
746 768 816 825 eordi
837 769 961 825 suffusum
983 787 1039 823 ean-
1051 776 1079 822 tu

247 848 360 919 guinem.
387 847 452 902 Aliis
464 864 523 917 pere
535 846 648 917 quedem
658 845 755 902 cerebri
766 847 821 901 viee
832 849 872 901 eet
884 845 961 901 enimi
972 846 1040 916 prin·

246 925 360 995 cipetum
372 927 468 978 tenere.
496 922 560 978 Aliis
572 940 620 978 nee
631 941 676 978 eor
687 924 770 994 ipsum
782 922 872 993 phem,
885 940 932 977 nec
944 921 1040 977 cerebri

247 1000 382 1071 quemdem
393 1002 492 1069 purtem
503 1017 560 1053 esee
569 1000 695 1054 animum:
715 997 760 1053 sed
771 998 813 1053 uii
825 998 852 1053 in
863 998 946 1063 eorde,
960 998 1001 1052 ulii
1013 998 1040 1053 iu

246 1075 352 1132 cerebro
364 1074 484 1129 dixerunt
496 1075 572 1129 enimi
584 1093 640 1130 esee
652 1074 737 1129 eedem
750 1077 777 1128 et
791 1073 883 1128 locum.
920 1074 1040 1129 Animum

246 1157 331 1208 eutem
340 1152 383 1207 aiii
392 1152 508 1219 animem,
517 1156 547 1206 ut
555 1151 609 1206 fere
618 1151 699 1205 nostri
710 1149 838 1204 declarent
847 1167 946 1203 nomen.
971 1149 1039 1204 Nem

246 1234 273 1285 et
283 1235 300 1258 “
307 1246 382 1299 egere
391 1228 526 1293 animem,'’
534 1232 562 1282 et
573 1226 697 1282 “offlam‘’
705 1226 820 1290 dicimus,
829 1229 856 1279 et
867 1225 1039 1290 “animosum”

246 1310 274 1360 et
285 1310 301 1334 “
308 1305 372 1359 bene
379 1304 529 1371 animatos?
538 1309 565 1357 et
573 1306 588 1334 “
596 1321 628 1357 ex
636 1303 712 1357 animi
721 1301 849 1357 sententie
857 1300 882 1355 :”
893 1301 947 1372 ipee
955 1306 1039 1356 eutem

247 1382 346 1435 enimus
362 1379 394 1434 eb
407 1380 531 1435 “anime’'
544 1379 629 1434 dietus
641 1382 689 1434 eet.
726 1378 821 1433 Zenoni
838 1377 924 1433 Stoico
940 1378 1038 1434 unimus

245 1457 313 1529 iguis
327 1456 435 1511 videtur.

282 1535 315 1587 X
334 1532 385 1587 Sed
399 1532 454 1586 hoee
466 1530 575 1603 quidem,
587 1549 644 1602 qum
660 1531 720 1596 dixi,
734 1549 785 1599 eor,
801 1530 957 1602 sanguinem,
970 1548 1039 1586 eere-

245 1609 329 1674 hrum,
352 1609 469 1676 animem,
487 1608 572 1678 ignem
589 1606 682 1678 vulgo:
701 1607 798 1678 relique
817 1607 870 1663 fere
888 1607 988 1678 singuli,
1008 1613 1038 1662 ut

245 1686 321 1740 multi
333 1689 393 1740 ente
404 1688 512 1739 veteres.
542 1684 662 1738 Proxime
674 1688 757 1739 autem
769 1684 945 1745 Aristoxenus,
957 1684 1033 1739 musi·
1046 1695 1078 1741 20

245 1780 292 1817 eus
312 1760 429 1832 idemque
448 1760 621 1831 philosophus,
639 1760 719 1831 ipsius
739 1761 850 1831 eorporis
870 1760 1037 1815 intentionem

246 1836 389 1909 quemdam,
408 1836 455 1903 vel,
474 1840 505 1891 ut
525 1836 552 1890 in
572 1843 649 1891 eentu
668 1840 695 1890 et
713 1836 813 1901 fidibus,
833 1855 888 1908 quae
908 1836 1038 1891 harmonia

245 1913 348 1980 dieitur,
366 1913 402 1967 eie
420 1931 452 1967 ex
469 1912 582 1983 eorporis
601 1912 681 1966 totius
699 1919 792 1966 nature
809 1916 836 1967 et
857 1912 938 1981 figura
955 1912 1037 1966 varios

245 1995 333 2044 motus
350 1989 418 2053 cieri,
436 1993 567 2058 tamquam
585 1988 706 2043 incentu
724 2005 808 2043 sonos.
844 1987 897 2042 Hie
913 1986 945 2041 ab
961 1988 1037 2042 artifi-

244 2065 285 2121 eio
298 2082 345 2119 suo
357 2082 408 2119 ιιοιι
419 2065 532 2130 reeeesit,
545 2068 670 2119 ettamen
682 2064 746 2118 dixit
759 2062 861 2132 aliquid,
874 2063 943 2133 quod
955 2062 1037 2133 ipsum

244 2140 322 2211 quale
334 2145 410 2203 esset,
422 2144 477 2195 eret
493 2139 574 2194 multo
586 2145 645 2194 ente
658 2144 684 2194 et
697 2139 793 2193 dietum
806 2146 833 2193 et
848 2139 1009 2211 explanatum
1022 2159 1038 2196 e

244 2217 362 2271 Platone.
388 2216 545 2271 Xenocrates
556 2216 634 2270 enimi
649 2215 756 2286 figuram
769 2219 796 2270 et
808 2216 880 2286 quusi
892 2232 982 2287 eorpus
995 2235 1037 2271 ne-

244 2293 317 2364 gavit
329 2310 392 2356 cese,
403 2310 491 2347 verum
502 2309 636 2346 numerum
646 2290 711 2345 dixit
723 2309 786 2356 esee,
800 2294 874 2361 eujus
886 2292 932 2356 vis,
945 2298 975 2347 ut
984 2293 1037 2363 jum

244 2374 306 2423 ente
327 2368 480 2439 Pythagoreo
497 2369 580 2423 visum
598 2372 662 2432 eret,
681 2368 708 2421 in
726 2372 817 2422 nature
835 2368 943 2422 maxime
961 2374 1035 2424 essct.

244 2446 311 2514 Ejus
323 2444 413 2499 doctor
424 2444 498 2499 Plato
510 2444 635 2513 triplicem
647 2443 722 2498 finxit
739 2444 864 2498 animum:
883 2447 956 2514 eujus
970 2445 1037 2513 pm'n·

244 2522 367 2593 cipetum,
377 2519 405 2576 id
417 2525 457 2575 eet
467 2520 600 2583 rationem,
614 2519 641 2573 in
652 2520 736 2590 eapite
748 2520 814 2574 sieut
826 2519 854 2573 in
865 2536 922 2573 aree
934 2520 1035 2589 posuit·

242 2602 271 2652 et
283 2597 349 2652 dues
361 2600 447 2666 pextes
460 2614 548 2667 perere
559 2594 722 2660 voluit,1rem
736 2613 750 2648 e
751 2593 871 2664 teupidit
872 2598 953 2648 atem:
972 2614 1036 2663 ques

243 2673 306 2729 locis
319 2672 532 2738 disclusit31mm
545 2672 571 2725 in
581 2675 690 2740 peotore,
700 2670 870 2741 cupiditatem
877 2668 970 2723 exiutex
980 2686 1050 2737 pum

242 2750 330 2806 eordie
341 2748 441 2803 locavit
471 2746 695 2805 Dieaeerehust
649 2755 695 2805 eut
696 2768 741 2806 em
752 2748 782 2805 'm
794 2767 828 2805 ee
839 2762 981 2806 summme
988 2740 1120 2816 exemp&

241 2823 478 2879 Oomuthihebitum
493 2824 580 2881 tribus
595 2826 675 2887 libris
688 2830 820 2904 exponit,
832 2826 988 2882 monimum
994 2807 1092 2865 mom·

222 2914 284 2950 m
295 2896 443 2963 dmm
429 2916 496 2969 mm
513 2904 606 2973 Primo
625 2907 701 2968 libro
716 2909 833 2968 inuitos
845 2877 1115 2969 memmimu-
