2634 3367
477 331 545 379 LlB.
558 331 610 379 111.
629 331 702 378 cAl’.
714 331 752 385 25,
765 330 802 377 26.
989 326 1034 377 10⁷

239 439 302 495 dum
319 458 375 495 esse
391 438 498 505 diceba,
514 438 582 509 quod
598 438 625 491 in
643 442 695 491 tam
713 434 839 492 crudelem
857 434 1034 489 necessitatem

238 517 422 572 incidissemus.
459 514 528 569 Nam
545 514 613 567 illam
632 513 733 583 quidem
752 512 889 567 orationem
913 530 945 565 ex
966 529 1022 565 com

238 592 419 648 memoratione
438 590 575 645 ahenorum
596 589 719 643 malornm
740 588 772 643 ad
790 586 925 643 ntalemlos
944 605 1033 641 conso·

237 668 327 723 landos
346 685 401 721 esse
419 664 640 721 accommodatam.
677 664 744 719 Mihi
761 682 821 719 vero
838 664 913 734 longe
932 662 1033 717 videtur

238 758 322 799 secus.
358 743 425 797 Nam
438 746 465 797 et
482 741 619 796 necessitas
632 740 742 794 ierendae
754 739 904 794 conditionis
918 739 1031 793 humanae

232 820 312 890 ‚qnasi
329 837 386 875 cnm
403 820 450 873 deo
468 826 582 888 pugnare
599 816 723 887 prohihet,
737 816 905 886 admonetque
917 832 972 869 esse
988 814 1031 868 ho·

237 898 347 951 minem:
370 914 426 964 quae
444 894 566 964 cogitatio
583 911 675 964 magno
693 898 768 963 opere
785 884 881 946 luctum
899 891 983 945 levata
1005 895 1031 944 et

239 971 396 1027 enumeratio
414 969 592 1040 exemplorum,
606 987 658 1023 non
675 973 705 1022 ut
724 968 833 1022 animum
853 965 1031 1021 malevolorum

238 1047 357 1111 oblectet,
371 1048 483 1111 affertur,
496 1045 541 1100 sed
557 1051 587 1099 nt
602 1044 651 1109 ille,
665 1043 709 1114 qui
727 1046 822 1107 maret,
835 1042 966 1097 serendum
982 1041 1031 1096 sihi

238 1124 266 1178 id
283 1126 392 1187 censeat,
408 1121 475 1191 qnod
492 1120 576 1176 videat
595 1120 689 1175 multos
707 1118 836 1173 moderate
853 1121 879 1172 et
896 1118 1030 1187 tranquille

237 1202 336 1257 tulisse.
373 1198 495 1255 Omnibus
507 1199 573 1254 enim
588 1197 670 1253 modis
683 1195 803 1251 lulciend1
815 1198 882 1259 sunt,
898 1194 941 1264 qui
952 1199 1029 1249 ruunt
1039 1197 1065 1243 61

238 1297 287 1334 nec
308 1279 432 1334 coherere
453 1281 560 1350 possunt
584 1278 689 1349 propter
708 1269 908 1345 magnitudinem
929 1273 1029 1343 [egritu-

237 1356 312 1411 dinis.
348 1356 390 1411 Ex
408 1374 457 1427 quo
475 1356 555 1426 ipsam
573 1350 748 1426 aegritudinem
767 1354 847 1415 λύπην
864 1348 1029 1420 Chrysippus,

237 1432 311 1503 qnasi
323 1436 400 1500 λύσιν,
410 1432 436 1487 id
448 1437 488 1487 est
501 1432 652 1487 solutionem
660 1431 741 1486 totius
754 1427 868 1496 hominis,
879 1425 1027 1498 appellatam

236 1511 320 1578 putat.
356 1509 418 1573 Qua
434 1513 489 1566 tota
504 1509 599 1584 poterit
615 1508 695 1572 evelli,
712 1507 842 1579 exphcata,
859 1508 889 1561 ut
906 1503 1027 1578 principio

236 1582 298 1647 dixi,
312 1600 387 1637 causa
398 1584 562 1654 agritudinis.
594 1585 642 1640 En
654 1584 722 1641 enim
733 1583 802 1638 nulla
814 1582 868 1649 alia,
881 1583 931 1639 nisi
943 1581 1026 1655 opinio

235 1664 263 1715 et
272 1659 394 1730 judicium
408 1661 493 1732 magni
508 1661 639 1731 praesentis
656 1666 732 1732 atque
744 1661 858 1732 urgentis
871 1661 936 1718 mali.
972 1662 1026 1717 Ita·

235 1754 286 1805 que
300 1741 326 1789 et
339 1735 410 1791 dolor
421 1737 540 1806 corporis,
553 1740 626 1805 cujus
642 1746 682 1791 est
699 1755 797 1791 morsus
812 1738 956 1803 acerrimus,
969 1756 1025 1809 per-

234 1810 318 1865 fertur
342 1830 386 1881 spe
410 1814 538 1883 proposita
562 1812 636 1878 boni;
661 1817 687 1867 et
708 1817 766 1867 acta
786 1817 847 1867 aetas
867 1813 974 1868 honeste
995 1833 1024 1870 ac

234 1887 365 1957 splendide
384 1892 481 1941 tantam
499 1888 573 1942 affert
593 1887 797 1953 consolationem,
813 1893 843 1941 ut
861 1906 912 1954 eos,
927 1890 970 1958 qni
987 1891 1024 1944 ita

233 1964 352 2030 vixerint,
366 1967 410 2018 aut
426 1982 477 2019 non
489 1964 600 2033 attingat
616 1963 740 2033 agritudo
753 1967 797 2017 aut
814 1963 947 2033 perleviter
960 1982 1023 2034 pnn-

232 2052 280 2112 gat
292 2041 369 2096 animi
381 2041 458 2097 dolor.

268 2117 368 2173 XXVI.
387 2118 437 2172 Sed
449 2118 480 2172 ad
492 2118 557 2173 hanc
568 2116 711 2187 opinionem
724 2115 808 2185 magni
820 2116 878 2170 mali
890 2134 969 2185 quum
980 2116 1023 2170 illa

231 2193 309 2247 etiam
322 2193 407 2263 opinio
418 2195 531 2258 accessit,
545 2198 671 2263 oportere,
685 2197 781 2246 rectum
794 2210 856 2256 esse,
871 2192 902 2246 ad
914 2192 1022 2247 officium

232 2269 367 2338 pertinere,
386 2268 452 2324 ferre
473 2269 542 2326 illud.
561 2287 635 2339 aegre,
655 2268 724 2337 quod
744 2267 877 2322 acciderit:
904 2273 960 2322 tum
980 2268 1020 2322 de·

231 2345 309 2414 nique
325 2344 432 2399 efficitur
447 2345 489 2399 illa
504 2346 589 2416 gravis
604 2344 762 2414 agritudinis
781 2344 944 2413 perturbatio.
980 2344 1019 2399 Ex
1030 2354 1061 2401 62

231 2420 280 2478 hac
297 2420 414 2490 opinione
432 2425 493 2474 sunt
512 2421 555 2474 illa
570 2420 639 2475 varia
656 2423 683 2475 et
698 2419 856 2475 detestabilia
873 2438 966 2490 genera
982 2420 1021 2475 lu-

230 2496 315 2566 gendi,
333 2496 453 2565 panderes,
473 2495 607 2550 muhebres
628 2496 792 2551 lacerationes
813 2514 941 2565 genarum,
964 2515 1020 2565 pec·

230 2572 302 2635 toris,
322 2572 451 2635 feminum,
474 2572 564 2641 capitis
586 2572 767 2641 persuasiones.
804 2572 872 2628 Hinc
894 2572 934 2627 ille
953 2573 1020 2642 Aga-

230 2665 331 2703 memno
347 2648 498 2701 Homericus
511 2654 537 2701 et
549 2647 615 2701 idern
627 2650 760 2713 Accianus,

294 2731 405 2776 scindens
417 2732 497 2778 dolore
507 2732 637 2781 identidem
650 2734 768 2782 intonsam
780 2748 881 2781 comam.

231 2807 263 2861 Iu
272 2824 322 2875 quo
333 2805 442 2859 facetum
454 2806 517 2859 illud
525 2806 623 2871 Bionis,
632 2807 738 2879 perinde
746 2808 1037 2870 stultissimumregem

224 2881 252 2934 iu
269 2880 341 2933 luctu
362 2880 480 2951 capillum
501 2883 554 2941 sibi
574 2884 700 2957 evellere,
721 2886 803 2962 quasi
827 2882 938 2940 cnutho
955 2891 1059 2931 meror
