<?xml version="1.0" encoding="UTF-8"?>
<!DOCTYPE html PUBLIC "-//W3C//DTD XHTML 1.0 Transitional//EN"
    "http://www.w3.org/TR/xhtml1/DTD/xhtml1-transitional.dtd">
<html xmlns="http://www.w3.org/1999/xhtml" xml:lang="en" lang="en">
 <head>
  <title>
</title>
<meta http-equiv="Content-Type" content="text/html;charset=utf-8" />
  <meta name='ocr-system' content='tesseract 3.04.00' />
  <meta name='ocr-capabilities' content='ocr_page ocr_carea ocr_par ocr_line ocrx_word'/>
</head>
<body>
  <div class='ocr_page' id='page_1' title='image "./mtulliiciceroni09cicegoog/mtulliiciceroni09cicegoog_0071.png"; bbox 0 0 2634 3367; ppageno 0'>
   <div class='ocr_carea' id='block_1_1' title="bbox 465 326 1027 384">
    <p class='ocr_par' dir='ltr' id='par_1_1' title="bbox 465 326 1027 384">
     <span class='ocr_line' id='line_1_1' title="bbox 465 326 1027 384; baseline -0.002 -9"><span class='ocrx_word' id='word_1_1' title='bbox 465 327 533 377; x_wconf 82' lang='lat' dir='ltr'><strong>LIB.</strong></span> <span class='ocrx_word' id='word_1_2' title='bbox 553 327 588 375; x_wconf 90' lang='lat'><strong>11.</strong></span> <span class='ocrx_word' id='word_1_3' title='bbox 608 326 683 375; x_wconf 83' lang='lat' dir='ltr'><strong>cAP.</strong></span> <span class='ocrx_word' id='word_1_4' title='bbox 703 328 740 384; x_wconf 81' lang='lat' dir='ltr'><strong>la,</strong></span> <span class='ocrx_word' id='word_1_5' title='bbox 760 328 797 375; x_wconf 74' lang='lat'><strong>14.</strong></span> <span class='ocrx_word' id='word_1_6' title='bbox 997 329 1027 374; x_wconf 77' lang='lat'><strong>65</strong></span> 
     </span>
    </p>
   </div>
   <div class='ocr_carea' id='block_1_2' title="bbox 232 435 1073 1797">
    <p class='ocr_par' dir='ltr' id='par_1_2' title="bbox 232 435 1068 1117">
     <span class='ocr_line' id='line_1_2' title="bbox 233 435 1028 508; baseline -0.001 -15"><span class='ocrx_word' id='word_1_7' title='bbox 233 437 400 493; x_wconf 76' lang='lat' dir='ltr'><strong>immoderate</strong></span> <span class='ocrx_word' id='word_1_8' title='bbox 415 437 498 492; x_wconf 87' lang='lat' dir='ltr'><strong>iacere</strong></span> <span class='ocrx_word' id='word_1_9' title='bbox 516 436 672 508; x_wconf 75' lang='lat' dir='ltr'><strong>quidquam?</strong></span> <span class='ocrx_word' id='word_1_10' title='bbox 695 438 738 491; x_wconf 80' lang='lat' dir='ltr'><strong>An</strong></span> <span class='ocrx_word' id='word_1_11' title='bbox 754 435 802 491; x_wconf 91' lang='lat' dir='ltr'><strong>coli</strong></span> <span class='ocrx_word' id='word_1_12' title='bbox 816 436 919 506; x_wconf 87' lang='lat' dir='ltr'><strong>justitia</strong></span> <span class='ocrx_word' id='word_1_13' title='bbox 934 436 1028 507; x_wconf 88' lang='lat' dir='ltr'><strong>poterit</strong></span> 
     </span>
     <span class='ocr_line' id='line_1_3' title="bbox 233 512 1028 583; baseline -0.003 -15"><span class='ocrx_word' id='word_1_14' title='bbox 233 514 266 569; x_wconf 88' lang='lat' dir='ltr'><strong>ab</strong></span> <span class='ocrx_word' id='word_1_15' title='bbox 288 514 390 568; x_wconf 87' lang='lat' dir='ltr'><strong>homine</strong></span> <span class='ocrx_word' id='word_1_16' title='bbox 409 517 513 583; x_wconf 88' lang='lat' dir='ltr'><strong>propter</strong></span> <span class='ocrx_word' id='word_1_17' title='bbox 532 513 584 568; x_wconf 83' lang='lat' dir='ltr'><strong>sim</strong></span> <span class='ocrx_word' id='word_1_18' title='bbox 604 512 697 567; x_wconf 87' lang='lat' dir='ltr'><strong>doloris</strong></span> <span class='ocrx_word' id='word_1_19' title='bbox 718 512 867 567; x_wconf 75' lang='lat' dir='ltr'><strong>enuntiante</strong></span> <span class='ocrx_word' id='word_1_20' title='bbox 887 512 1028 577; x_wconf 83' lang='lat' dir='ltr'><strong>commissa,</strong></span> 
     </span>
     <span class='ocr_line' id='line_1_4' title="bbox 232 588 1068 660; baseline -0.004 -15"><span class='ocrx_word' id='word_1_21' title='bbox 232 589 359 660; x_wconf 86' lang='lat' dir='ltr'><strong>prodente</strong></span> <span class='ocrx_word' id='word_1_22' title='bbox 382 589 505 656; x_wconf 88' lang='lat' dir='ltr'><strong>conscios,</strong></span> <span class='ocrx_word' id='word_1_23' title='bbox 528 589 610 643; x_wconf 90' lang='lat' dir='ltr'><strong>multa</strong></span> <span class='ocrx_word' id='word_1_24' title='bbox 632 589 713 643; x_wconf 89' lang='lat' dir='ltr'><strong>officia</strong></span> <span class='ocrx_word' id='word_1_25' title='bbox 735 588 914 659; x_wconf 76' lang='lat' dir='ltr'><strong>relinquente?</strong></span> <span class='ocrx_word' id='word_1_26' title='bbox 940 588 1068 654; x_wconf 81' lang='lat' dir='ltr'><strong>Quidrar</strong></span> 
     </span>
     <span class='ocr_line' id='line_1_5' title="bbox 233 664 1030 737; baseline -0.001 -16"><span class='ocrx_word' id='word_1_27' title='bbox 233 665 381 721; x_wconf 77' lang='lat' dir='ltr'><strong>tortitudini</strong></span> <span class='ocrx_word' id='word_1_28' title='bbox 397 665 583 734; x_wconf 75' lang='lat' dir='ltr'><strong>comitibusque</strong></span> <span class='ocrx_word' id='word_1_29' title='bbox 601 665 664 735; x_wconf 88' lang='lat' dir='ltr'><strong>ejus,</strong></span> <span class='ocrx_word' id='word_1_30' title='bbox 683 664 851 735; x_wconf 74' lang='lat' dir='ltr'><strong>magnitudini</strong></span> <span class='ocrx_word' id='word_1_31' title='bbox 869 665 954 731; x_wconf 86' lang='lat' dir='ltr'><strong>animi,</strong></span> <span class='ocrx_word' id='word_1_32' title='bbox 971 684 1030 737; x_wconf 79' lang='lat' dir='ltr'><strong>gra-</strong></span> 
     </span>
     <span class='ocr_line' id='line_1_6' title="bbox 233 741 1029 814; baseline -0.001 -16"><span class='ocrx_word' id='word_1_33' title='bbox 233 743 317 809; x_wconf 83' lang='lat' dir='ltr'><strong>vitati,</strong></span> <span class='ocrx_word' id='word_1_34' title='bbox 336 742 471 814; x_wconf 73' lang='lat' dir='ltr'><strong>patientie,</strong></span> <span class='ocrx_word' id='word_1_35' title='bbox 491 760 575 796; x_wconf 89' lang='lat' dir='ltr'><strong>rerum</strong></span> <span class='ocrx_word' id='word_1_36' title='bbox 594 741 760 795; x_wconf 88' lang='lat' dir='ltr'><strong>humanarum</strong></span> <span class='ocrx_word' id='word_1_37' title='bbox 779 741 958 812; x_wconf 75' lang='lat' dir='ltr'><strong>despicientia,</strong></span> <span class='ocrx_word' id='word_1_38' title='bbox 977 761 1029 813; x_wconf 91' lang='lat' dir='ltr'><strong>quo</strong></span> 
     </span>
     <span class='ocr_line' id='line_1_7' title="bbox 233 817 1029 889; baseline 0.001 -16"><span class='ocrx_word' id='word_1_39' title='bbox 233 818 310 874; x_wconf 91' lang='lat' dir='ltr'><strong>modo</strong></span> <span class='ocrx_word' id='word_1_40' title='bbox 326 817 509 889; x_wconf 80' lang='lat' dir='ltr'><strong>respondebis?</strong></span> <span class='ocrx_word' id='word_1_41' title='bbox 527 818 676 873; x_wconf 84' lang='lat' dir='ltr'><strong>Afflictusne</strong></span> <span class='ocrx_word' id='word_1_42' title='bbox 689 827 715 873; x_wconf 87' lang='lat' dir='ltr'><strong>et</strong></span> <span class='ocrx_word' id='word_1_43' title='bbox 729 818 816 887; x_wconf 87' lang='lat' dir='ltr'><strong>jacens</strong></span> <span class='ocrx_word' id='word_1_44' title='bbox 831 821 857 873; x_wconf 90' lang='lat' dir='ltr'><strong>et</strong></span> <span class='ocrx_word' id='word_1_45' title='bbox 875 817 1029 874; x_wconf 80' lang='lat' dir='ltr'><strong>lamentabili</strong></span> 
     </span>
     <span class='ocr_line' id='line_1_8' title="bbox 233 893 1029 965; baseline -0.001 -15"><span class='ocrx_word' id='word_1_46' title='bbox 233 912 297 950; x_wconf 81' lang='lat' dir='ltr'><strong>soce</strong></span> <span class='ocrx_word' id='word_1_47' title='bbox 314 894 454 965; x_wconf 80' lang='lat' dir='ltr'><strong>deplorans,</strong></span> <span class='ocrx_word' id='word_1_48' title='bbox 472 893 567 961; x_wconf 87' lang='lat' dir='ltr'><strong>audies,</strong></span> <span class='ocrx_word' id='word_1_49' title='bbox 583 894 702 949; x_wconf 82' lang='lat' dir='ltr'><strong>Osirum</strong></span> <span class='ocrx_word' id='word_1_50' title='bbox 718 893 830 948; x_wconf 84' lang='lat' dir='ltr'><strong>fortem?</strong></span> <span class='ocrx_word' id='word_1_51' title='bbox 854 893 891 949; x_wconf 81' lang='lat' dir='ltr'><strong>Te</strong></span> <span class='ocrx_word' id='word_1_52' title='bbox 906 911 975 959; x_wconf 84' lang='lat' dir='ltr'><strong>vero,</strong></span> <span class='ocrx_word' id='word_1_53' title='bbox 991 895 1029 950; x_wconf 86' lang='lat' dir='ltr'><strong>ita</strong></span> 
     </span>
     <span class='ocr_line' id='line_1_9' title="bbox 234 969 1028 1040; baseline 0 -15"><span class='ocrx_word' id='word_1_54' title='bbox 234 970 362 1035; x_wconf 81' lang='lat' dir='ltr'><strong>affectum,</strong></span> <span class='ocrx_word' id='word_1_55' title='bbox 374 988 407 1025; x_wconf 91' lang='lat' dir='ltr'><strong>ne</strong></span> <span class='ocrx_word' id='word_1_56' title='bbox 419 970 500 1024; x_wconf 87' lang='lat' dir='ltr'><strong>virum</strong></span> <span class='ocrx_word' id='word_1_57' title='bbox 513 969 615 1040; x_wconf 90' lang='lat' dir='ltr'><strong>quidem</strong></span> <span class='ocrx_word' id='word_1_58' title='bbox 627 969 720 1023; x_wconf 84' lang='lat' dir='ltr'><strong>dixerit</strong></span> <span class='ocrx_word' id='word_1_59' title='bbox 733 969 873 1040; x_wconf 86' lang='lat' dir='ltr'><strong>quisquam.</strong></span> <span class='ocrx_word' id='word_1_60' title='bbox 903 971 958 1024; x_wconf 84' lang='lat' dir='ltr'><strong>Aut</strong></span> <span class='ocrx_word' id='word_1_61' title='bbox 971 970 1028 1025; x_wconf 79' lang='lat' dir='ltr'><strong>mie</strong></span> 
     </span>
     <span class='ocr_line' id='line_1_10' title="bbox 233 1044 910 1117; baseline -0.004 -15"><span class='ocrx_word' id='word_1_62' title='bbox 233 1046 313 1102; x_wconf 85' lang='lat' dir='ltr'><strong>tenda</strong></span> <span class='ocrx_word' id='word_1_63' title='bbox 324 1047 403 1117; x_wconf 81' lang='lat' dir='ltr'><strong>igitur</strong></span> <span class='ocrx_word' id='word_1_64' title='bbox 414 1046 539 1101; x_wconf 82' lang='lat' dir='ltr'><strong>fortitudo</strong></span> <span class='ocrx_word' id='word_1_65' title='bbox 551 1050 591 1100; x_wconf 88' lang='lat' dir='ltr'><strong>est</strong></span> <span class='ocrx_word' id='word_1_66' title='bbox 603 1050 648 1101; x_wconf 89' lang='lat' dir='ltr'><strong>aut</strong></span> <span class='ocrx_word' id='word_1_67' title='bbox 659 1044 819 1117; x_wconf 87' lang='lat' dir='ltr'><strong>sepeliendus</strong></span> <span class='ocrx_word' id='word_1_68' title='bbox 831 1044 910 1100; x_wconf 89' lang='lat' dir='ltr'><strong>dolor.</strong></span> 
     </span>
    </p>

    <p class='ocr_par' dir='ltr' id='par_1_3' title="bbox 235 1120 1073 1797">
     <span class='ocr_line' id='line_1_11' title="bbox 269 1120 1028 1193; baseline -0.003 -16"><span class='ocrx_word' id='word_1_69' title='bbox 269 1122 346 1177; x_wconf 88' lang='lat' dir='ltr'><strong>XIV.</strong></span> <span class='ocrx_word' id='word_1_70' title='bbox 364 1121 463 1193; x_wconf 80' lang='lat' dir='ltr'><strong>Ecquid</strong></span> <span class='ocrx_word' id='word_1_71' title='bbox 481 1122 530 1177; x_wconf 88' lang='lat' dir='ltr'><strong>scis</strong></span> <span class='ocrx_word' id='word_1_72' title='bbox 548 1122 635 1192; x_wconf 81' lang='lat' dir='ltr'><strong>igitur,</strong></span> <span class='ocrx_word' id='word_1_73' title='bbox 653 1122 676 1177; x_wconf 88' lang='lat' dir='ltr'><strong>si</strong></span> <span class='ocrx_word' id='word_1_74' title='bbox 694 1121 754 1193; x_wconf 91' lang='lat' dir='ltr'><strong>quid</strong></span> <span class='ocrx_word' id='word_1_75' title='bbox 772 1121 804 1176; x_wconf 87' lang='lat' dir='ltr'><strong>de</strong></span> <span class='ocrx_word' id='word_1_76' title='bbox 821 1121 960 1175; x_wconf 85' lang='lat' dir='ltr'><strong>Corinthiis</strong></span> <span class='ocrx_word' id='word_1_77' title='bbox 975 1120 1028 1176; x_wconf 85' lang='lat' dir='ltr'><strong>tuis</strong></span> 
     </span>
     <span class='ocr_line' id='line_1_12' title="bbox 235 1196 1027 1269; baseline -0.003 -16"><span class='ocrx_word' id='word_1_78' title='bbox 235 1198 357 1264; x_wconf 86' lang='lat' dir='ltr'><strong>amiseris,</strong></span> <span class='ocrx_word' id='word_1_79' title='bbox 367 1216 442 1269; x_wconf 90' lang='lat' dir='ltr'><strong>posse</strong></span> <span class='ocrx_word' id='word_1_80' title='bbox 453 1198 545 1253; x_wconf 87' lang='lat' dir='ltr'><strong>habere</strong></span> <span class='ocrx_word' id='word_1_81' title='bbox 556 1202 584 1252; x_wconf 86' lang='lat' dir='ltr'><strong>te</strong></span> <span class='ocrx_word' id='word_1_82' title='bbox 596 1198 717 1269; x_wconf 86' lang='lat' dir='ltr'><strong>reliquam</strong></span> <span class='ocrx_word' id='word_1_83' title='bbox 727 1196 907 1267; x_wconf 88' lang='lat' dir='ltr'><strong>supellectilem</strong></span> <span class='ocrx_word' id='word_1_84' title='bbox 918 1196 1027 1251; x_wconf 82' lang='lat' dir='ltr'><strong>salvam:</strong></span> 
     </span>
     <span class='ocr_line' id='line_1_13' title="bbox 235 1272 1028 1342; baseline -0.003 -13"><span class='ocrx_word' id='word_1_85' title='bbox 235 1274 359 1329; x_wconf 86' lang='lat' dir='ltr'><strong>virtutem</strong></span> <span class='ocrx_word' id='word_1_86' title='bbox 368 1279 454 1329; x_wconf 89' lang='lat' dir='ltr'><strong>autern</strong></span> <span class='ocrx_word' id='word_1_87' title='bbox 462 1274 693 1330; x_wconf 66' lang='lat' dir='ltr'><strong>siunam&#39;amiseris</strong></span> <span class='ocrx_word' id='word_1_88' title='bbox 705 1292 711 1328; x_wconf 94' lang='lat'><strong>:</strong></span> <span class='ocrx_word' id='word_1_89' title='bbox 730 1274 779 1329; x_wconf 88' lang='lat' dir='ltr'><strong>etsi</strong></span> <span class='ocrx_word' id='word_1_90' title='bbox 788 1272 871 1327; x_wconf 84' lang='lat' dir='ltr'><strong>amitti</strong></span> <span class='ocrx_word' id='word_1_91' title='bbox 883 1289 935 1326; x_wconf 91' lang='lat' dir='ltr'><strong>non</strong></span> <span class='ocrx_word' id='word_1_92' title='bbox 943 1276 1028 1342; x_wconf 86' lang='lat' dir='ltr'><strong>potest</strong></span> 
     </span>
     <span class='ocr_line' id='line_1_14' title="bbox 235 1347 1030 1417; baseline -0.005 -12"><span class='ocrx_word' id='word_1_93' title='bbox 235 1352 335 1417; x_wconf 84' lang='lat' dir='ltr'><strong>virtus;</strong></span> <span class='ocrx_word' id='word_1_94' title='bbox 353 1350 399 1405; x_wconf 86' lang='lat' dir='ltr'><strong>sed</strong></span> <span class='ocrx_word' id='word_1_95' title='bbox 410 1350 432 1405; x_wconf 88' lang='lat' dir='ltr'><strong>si</strong></span> <span class='ocrx_word' id='word_1_96' title='bbox 443 1368 519 1404; x_wconf 88' lang='lat' dir='ltr'><strong>unam</strong></span> <span class='ocrx_word' id='word_1_97' title='bbox 529 1349 660 1404; x_wconf 81' lang='lat' dir='ltr'><strong>consessus</strong></span> <span class='ocrx_word' id='word_1_98' title='bbox 672 1350 751 1404; x_wconf 87' lang='lat' dir='ltr'><strong>fueris</strong></span> <span class='ocrx_word' id='word_1_99' title='bbox 764 1354 790 1404; x_wconf 88' lang='lat' dir='ltr'><strong>te</strong></span> <span class='ocrx_word' id='word_1_100' title='bbox 801 1367 853 1403; x_wconf 92' lang='lat' dir='ltr'><strong>non</strong></span> <span class='ocrx_word' id='word_1_101' title='bbox 864 1347 963 1416; x_wconf 86' lang='lat' dir='ltr'><strong>habere,</strong></span> <span class='ocrx_word' id='word_1_102' title='bbox 973 1347 1030 1402; x_wconf 93' lang='lat' dir='ltr'><strong>nul·</strong></span> 
     </span>
     <span class='ocr_line' id='line_1_15' title="bbox 235 1424 1073 1497; baseline 0 -16"><span class='ocrx_word' id='word_1_103' title='bbox 235 1426 287 1482; x_wconf 87' lang='lat' dir='ltr'><strong>lam</strong></span> <span class='ocrx_word' id='word_1_104' title='bbox 298 1430 326 1481; x_wconf 89' lang='lat' dir='ltr'><strong>te</strong></span> <span class='ocrx_word' id='word_1_105' title='bbox 338 1444 394 1481; x_wconf 88' lang='lat' dir='ltr'><strong>esse</strong></span> <span class='ocrx_word' id='word_1_106' title='bbox 405 1426 572 1481; x_wconf 89' lang='lat' dir='ltr'><strong>habiturum?</strong></span> <span class='ocrx_word' id='word_1_107' title='bbox 590 1426 661 1480; x_wconf 88' lang='lat' dir='ltr'><strong>Num</strong></span> <span class='ocrx_word' id='word_1_108' title='bbox 673 1425 752 1497; x_wconf 86' lang='lat' dir='ltr'><strong>igitur</strong></span> <span class='ocrx_word' id='word_1_109' title='bbox 763 1425 855 1480; x_wconf 82' lang='lat' dir='ltr'><strong>fortem</strong></span> <span class='ocrx_word' id='word_1_110' title='bbox 865 1424 953 1489; x_wconf 84' lang='lat' dir='ltr'><strong>virum,</strong></span> <span class='ocrx_word' id='word_1_111' title='bbox 966 1442 1027 1479; x_wconf 87' lang='lat' dir='ltr'><strong>num</strong></span> <span class='ocrx_word' id='word_1_112' title='bbox 1036 1433 1073 1481; x_wconf 65' lang='lat'><strong>8?</strong></span> 
     </span>
     <span class='ocr_line' id='line_1_16' title="bbox 235 1500 1026 1573; baseline 0 -16"><span class='ocrx_word' id='word_1_113' title='bbox 235 1519 330 1573; x_wconf 80' lang='lat' dir='ltr'><strong>magno</strong></span> <span class='ocrx_word' id='word_1_114' title='bbox 348 1502 439 1567; x_wconf 90' lang='lat' dir='ltr'><strong>animo,</strong></span> <span class='ocrx_word' id='word_1_115' title='bbox 456 1520 518 1557; x_wconf 90' lang='lat' dir='ltr'><strong>num</strong></span> <span class='ocrx_word' id='word_1_116' title='bbox 533 1500 680 1572; x_wconf 86' lang='lat' dir='ltr'><strong>patientem,</strong></span> <span class='ocrx_word' id='word_1_117' title='bbox 697 1520 757 1557; x_wconf 91' lang='lat' dir='ltr'><strong>num</strong></span> <span class='ocrx_word' id='word_1_118' title='bbox 774 1520 885 1573; x_wconf 80' lang='lat' dir='ltr'><strong>gravem,</strong></span> <span class='ocrx_word' id='word_1_119' title='bbox 902 1519 962 1555; x_wconf 89' lang='lat' dir='ltr'><strong>num</strong></span> <span class='ocrx_word' id='word_1_120' title='bbox 980 1500 1026 1557; x_wconf 89' lang='lat' dir='ltr'><strong>hu·</strong></span> 
     </span>
     <span class='ocr_line' id='line_1_17' title="bbox 235 1577 1027 1648; baseline 0 -15"><span class='ocrx_word' id='word_1_121' title='bbox 235 1596 314 1633; x_wconf 86' lang='lat' dir='ltr'><strong>mana</strong></span> <span class='ocrx_word' id='word_1_122' title='bbox 337 1582 539 1633; x_wconf 75' lang='lat' dir='ltr'><strong>contemnentem</strong></span> <span class='ocrx_word' id='word_1_123' title='bbox 563 1581 636 1648; x_wconf 87' lang='lat' dir='ltr'><strong>potes</strong></span> <span class='ocrx_word' id='word_1_124' title='bbox 660 1577 762 1633; x_wconf 89' lang='lat' dir='ltr'><strong>dicere?</strong></span> <span class='ocrx_word' id='word_1_125' title='bbox 789 1581 834 1632; x_wconf 88' lang='lat' dir='ltr'><strong>aut</strong></span> <span class='ocrx_word' id='word_1_126' title='bbox 858 1577 1027 1633; x_wconf 77' lang='lat' dir='ltr'><strong>Philoctetam</strong></span> 
     </span>
     <span class='ocr_line' id='line_1_18' title="bbox 235 1652 1028 1721; baseline -0.001 -12"><span class='ocrx_word' id='word_1_127' title='bbox 235 1654 329 1709; x_wconf 90' lang='lat' dir='ltr'><strong>illum?</strong></span> <span class='ocrx_word' id='word_1_128' title='bbox 347 1655 410 1710; x_wconf 76' lang='lat' dir='ltr'><strong>Ate</strong></span> <span class='ocrx_word' id='word_1_129' title='bbox 426 1654 494 1710; x_wconf 89' lang='lat' dir='ltr'><strong>enim</strong></span> <span class='ocrx_word' id='word_1_130' title='bbox 510 1652 576 1708; x_wconf 88' lang='lat' dir='ltr'><strong>malo</strong></span> <span class='ocrx_word' id='word_1_131' title='bbox 594 1652 818 1721; x_wconf 86' lang='lat' dir='ltr'><strong>discedere;-sed</strong></span> <span class='ocrx_word' id='word_1_132' title='bbox 833 1652 875 1709; x_wconf 89' lang='lat' dir='ltr'><strong>ille</strong></span> <span class='ocrx_word' id='word_1_133' title='bbox 890 1659 960 1709; x_wconf 83' lang='lat' dir='ltr'><strong>certe</strong></span> <span class='ocrx_word' id='word_1_134' title='bbox 976 1670 1028 1708; x_wconf 90' lang='lat' dir='ltr'><strong>non</strong></span> 
     </span>
     <span class='ocr_line' id='line_1_19' title="bbox 235 1730 319 1797; baseline 0 -12"><span class='ocrx_word' id='word_1_135' title='bbox 235 1730 319 1797; x_wconf 77' lang='lat' dir='ltr'><strong>fortis,</strong></span> 
     </span>
    </p>
   </div>
   <div class='ocr_carea' id='block_1_3' title="bbox 334 1847 885 2046">
    <p class='ocr_par' dir='ltr' id='par_1_4' title="bbox 334 1847 885 2046">
     <span class='ocr_line' id='line_1_20' title="bbox 431 1847 871 1910; baseline 0 -15"><span class='ocrx_word' id='word_1_136' title='bbox 431 1850 473 1910; x_wconf 84' lang='lat' dir='ltr'><strong>qui</strong></span> <span class='ocrx_word' id='word_1_137' title='bbox 482 1848 547 1910; x_wconf 86' lang='lat' dir='ltr'><strong>jacet</strong></span> <span class='ocrx_word' id='word_1_138' title='bbox 558 1848 583 1895; x_wconf 94' lang='lat' dir='ltr'><strong>in</strong></span> <span class='ocrx_word' id='word_1_139' title='bbox 594 1848 656 1895; x_wconf 86' lang='lat' dir='ltr'><strong>lecto</strong></span> <span class='ocrx_word' id='word_1_140' title='bbox 667 1847 776 1903; x_wconf 79' lang='lat' dir='ltr'><strong>humido,</strong></span> <span class='ocrx_word' id='word_1_141' title='bbox 870 1869 871 1873; x_wconf 43' lang='lat'>¹</span> 
     </span>
     <span class='ocr_line' id='line_1_21' title="bbox 336 1917 885 1980; baseline -0.002 -15"><span class='ocrx_word' id='word_1_142' title='bbox 336 1918 407 1979; x_wconf 90' lang='lat' dir='ltr'><strong>quod,</strong></span> <span class='ocrx_word' id='word_1_143' title='bbox 420 1918 519 1979; x_wconf 73' lang='lat' dir='ltr'><strong>eiulatu,</strong></span> <span class='ocrx_word' id='word_1_144' title='bbox 532 1920 625 1980; x_wconf 66' lang='lat' dir='ltr'><strong>quista,</strong></span> <span class='ocrx_word' id='word_1_145' title='bbox 638 1918 737 1979; x_wconf 78' lang='lat' dir='ltr'><strong>gemitu,</strong></span> <span class='ocrx_word' id='word_1_146' title='bbox 750 1917 885 1964; x_wconf 78' lang='lat' dir='ltr'><strong>fremitibus</strong></span> 
     </span>
     <span class='ocr_line' id='line_1_22' title="bbox 334 1987 858 2046; baseline -0.002 -11"><span class='ocrx_word' id='word_1_147' title='bbox 334 1990 473 2046; x_wconf 76' lang='lat' dir='ltr'><strong>reaouindo,</strong></span> <span class='ocrx_word' id='word_1_148' title='bbox 485 1995 582 2036; x_wconf 90' lang='lat' dir='ltr'><strong>mutum</strong></span> <span class='ocrx_word' id='word_1_149' title='bbox 592 1988 685 2035; x_wconf 75' lang='lat' dir='ltr'><strong>flebiles</strong></span> <span class='ocrx_word' id='word_1_150' title='bbox 696 1989 769 2035; x_wconf 72' lang='lat' dir='ltr'><strong>voces</strong></span> <span class='ocrx_word' id='word_1_151' title='bbox 780 1987 858 2034; x_wconf 77' lang='lat' dir='ltr'><strong>refert</strong></span> 
     </span>
    </p>
   </div>
   <div class='ocr_carea' id='block_1_4' title="bbox 236 2093 1070 2779">
    <p class='ocr_par' dir='ltr' id='par_1_5' title="bbox 236 2093 1070 2779">
     <span class='ocr_line' id='line_1_23' title="bbox 272 2093 1029 2169; baseline -0.009 -13"><span class='ocrx_word' id='word_1_152' title='bbox 272 2100 336 2157; x_wconf 88' lang='lat' dir='ltr'><strong>Non</strong></span> <span class='ocrx_word' id='word_1_153' title='bbox 347 2116 395 2169; x_wconf 82' lang='lat' dir='ltr'><strong>ego</strong></span> <span class='ocrx_word' id='word_1_154' title='bbox 408 2097 519 2153; x_wconf 89' lang='lat' dir='ltr'><strong>dolorem</strong></span> <span class='ocrx_word' id='word_1_155' title='bbox 531 2097 643 2152; x_wconf 91' lang='lat' dir='ltr'><strong>dolorem</strong></span> <span class='ocrx_word' id='word_1_156' title='bbox 655 2115 711 2151; x_wconf 85' lang='lat' dir='ltr'><strong>esse</strong></span> <span class='ocrx_word' id='word_1_157' title='bbox 722 2114 797 2167; x_wconf 82' lang='lat' dir='ltr'><strong>nego.</strong></span> <span class='ocrx_word' id='word_1_158' title='bbox 835 2095 889 2150; x_wconf 86' lang='lat' dir='ltr'><strong>Cur</strong></span> <span class='ocrx_word' id='word_1_159' title='bbox 900 2094 966 2151; x_wconf 83' lang='lat' dir='ltr'><strong>anim</strong></span> <span class='ocrx_word' id='word_1_160' title='bbox 978 2093 1029 2149; x_wconf 83' lang='lat' dir='ltr'><strong>ior-</strong></span> 
     </span>
     <span class='ocr_line' id='line_1_24' title="bbox 236 2171 1028 2243; baseline -0.008 -12"><span class='ocrx_word' id='word_1_161' title='bbox 236 2175 324 2232; x_wconf 87' lang='lat' dir='ltr'><strong>titudo</strong></span> <span class='ocrx_word' id='word_1_162' title='bbox 336 2174 541 2230; x_wconf 80' lang='lat' dir='ltr'><strong>desideraretur?</strong></span> <span class='ocrx_word' id='word_1_163' title='bbox 566 2173 616 2228; x_wconf 83' lang='lat' dir='ltr'><strong>Sed</strong></span> <span class='ocrx_word' id='word_1_164' title='bbox 632 2191 690 2228; x_wconf 88' lang='lat' dir='ltr'><strong>eum</strong></span> <span class='ocrx_word' id='word_1_165' title='bbox 707 2172 815 2243; x_wconf 91' lang='lat' dir='ltr'><strong>opprimi</strong></span> <span class='ocrx_word' id='word_1_166' title='bbox 827 2171 882 2227; x_wconf 90' lang='lat' dir='ltr'><strong>dico</strong></span> <span class='ocrx_word' id='word_1_167' title='bbox 898 2171 1028 2243; x_wconf 88' lang='lat' dir='ltr'><strong>patientia,</strong></span> 
     </span>
     <span class='ocr_line' id='line_1_25' title="bbox 237 2247 1029 2322; baseline -0.005 -14"><span class='ocrx_word' id='word_1_168' title='bbox 237 2250 354 2308; x_wconf 88' lang='lat' dir='ltr'><strong>simodo</strong></span> <span class='ocrx_word' id='word_1_169' title='bbox 371 2256 411 2306; x_wconf 91' lang='lat' dir='ltr'><strong>est</strong></span> <span class='ocrx_word' id='word_1_170' title='bbox 428 2251 511 2322; x_wconf 85' lang='lat' dir='ltr'><strong>eliqua</strong></span> <span class='ocrx_word' id='word_1_171' title='bbox 528 2249 666 2320; x_wconf 85' lang='lat' dir='ltr'><strong>patientia:</strong></span> <span class='ocrx_word' id='word_1_172' title='bbox 688 2249 711 2304; x_wconf 88' lang='lat' dir='ltr'><strong>si</strong></span> <span class='ocrx_word' id='word_1_173' title='bbox 728 2248 797 2304; x_wconf 90' lang='lat' dir='ltr'><strong>nulla</strong></span> <span class='ocrx_word' id='word_1_174' title='bbox 813 2252 860 2314; x_wconf 89' lang='lat' dir='ltr'><strong>est,</strong></span> <span class='ocrx_word' id='word_1_175' title='bbox 880 2247 941 2320; x_wconf 89' lang='lat' dir='ltr'><strong>quid</strong></span> <span class='ocrx_word' id='word_1_176' title='bbox 958 2266 1029 2304; x_wconf 84' lang='lat' dir='ltr'><strong>exor-</strong></span> 
     </span>
     <span class='ocr_line' id='line_1_26' title="bbox 236 2325 1030 2399; baseline -0.005 -15"><span class='ocrx_word' id='word_1_177' title='bbox 236 2347 329 2384; x_wconf 90' lang='lat' dir='ltr'><strong>namus</strong></span> <span class='ocrx_word' id='word_1_178' title='bbox 352 2327 554 2399; x_wconf 82' lang='lat' dir='ltr'><strong>philosophiam?</strong></span> <span class='ocrx_word' id='word_1_179' title='bbox 581 2330 626 2381; x_wconf 90' lang='lat' dir='ltr'><strong>aut</strong></span> <span class='ocrx_word' id='word_1_180' title='bbox 647 2326 709 2395; x_wconf 92' lang='lat' dir='ltr'><strong>quid</strong></span> <span class='ocrx_word' id='word_1_181' title='bbox 723 2326 785 2396; x_wconf 87' lang='lat' dir='ltr'><strong>-ejns</strong></span> <span class='ocrx_word' id='word_1_182' title='bbox 806 2326 906 2381; x_wconf 90' lang='lat' dir='ltr'><strong>nomine</strong></span> <span class='ocrx_word' id='word_1_183' title='bbox 926 2325 1030 2396; x_wconf 81' lang='lat' dir='ltr'><strong>gloriosi</strong></span> 
     </span>
     <span class='ocr_line' id='line_1_27' title="bbox 237 2402 1028 2473; baseline -0.004 -13"><span class='ocrx_word' id='word_1_184' title='bbox 237 2405 347 2460; x_wconf 87' lang='lat' dir='ltr'><strong>sumus?</strong></span> <span class='ocrx_word' id='word_1_185' title='bbox 373 2403 470 2473; x_wconf 76' lang='lat' dir='ltr'><strong>Pungit</strong></span> <span class='ocrx_word' id='word_1_186' title='bbox 482 2402 646 2457; x_wconf 74' lang='lat' dir='ltr'><strong>dolon—Vel</strong></span> <span class='ocrx_word' id='word_1_187' title='bbox 657 2402 737 2457; x_wconf 82' lang='lat' dir='ltr'><strong>fodiat</strong></span> <span class='ocrx_word' id='word_1_188' title='bbox 753 2420 821 2457; x_wconf 86' lang='lat' dir='ltr'><strong>saue.</strong></span> <span class='ocrx_word' id='word_1_189' title='bbox 858 2403 886 2457; x_wconf 86' lang='lat' dir='ltr'><strong>Si</strong></span> <span class='ocrx_word' id='word_1_190' title='bbox 898 2402 980 2458; x_wconf 84' lang='lat' dir='ltr'><strong>nudus</strong></span> <span class='ocrx_word' id='word_1_191' title='bbox 993 2421 1028 2468; x_wconf 89' lang='lat' dir='ltr'><strong>es,</strong></span> 
     </span>
     <span class='ocr_line' id='line_1_28' title="bbox 237 2478 1030 2550; baseline -0.001 -15"><span class='ocrx_word' id='word_1_192' title='bbox 237 2481 271 2535; x_wconf 89' lang='lat' dir='ltr'><strong>da</strong></span> <span class='ocrx_word' id='word_1_193' title='bbox 279 2479 409 2550; x_wconf 79' lang='lat' dir='ltr'><strong>jugulum.</strong></span> <span class='ocrx_word' id='word_1_194' title='bbox 445 2478 491 2533; x_wconf 86' lang='lat' dir='ltr'><strong>Sin</strong></span> <span class='ocrx_word' id='word_1_195' title='bbox 502 2482 587 2533; x_wconf 88' lang='lat' dir='ltr'><strong>tectus</strong></span> <span class='ocrx_word' id='word_1_196' title='bbox 599 2478 730 2533; x_wconf 85' lang='lat' dir='ltr'><strong>Vulcaniis</strong></span> <span class='ocrx_word' id='word_1_197' title='bbox 742 2480 825 2543; x_wconf 75' lang='lat' dir='ltr'><strong>aruns,</strong></span> <span class='ocrx_word' id='word_1_198' title='bbox 838 2478 864 2533; x_wconf 92' lang='lat' dir='ltr'><strong>id</strong></span> <span class='ocrx_word' id='word_1_199' title='bbox 876 2483 915 2534; x_wconf 90' lang='lat' dir='ltr'><strong>est</strong></span> <span class='ocrx_word' id='word_1_200' title='bbox 927 2478 1030 2534; x_wconf 87' lang='lat' dir='ltr'><strong>sortitu·</strong></span> 
     </span>
     <span class='ocr_line' id='line_1_29' title="bbox 237 2555 1030 2625; baseline -0.004 -14"><span class='ocrx_word' id='word_1_201' title='bbox 237 2556 305 2622; x_wconf 86' lang='lat' dir='ltr'><strong>dine,</strong></span> <span class='ocrx_word' id='word_1_202' title='bbox 322 2556 421 2610; x_wconf 88' lang='lat' dir='ltr'><strong>resiste.</strong></span> <span class='ocrx_word' id='word_1_203' title='bbox 456 2555 521 2609; x_wconf 83' lang='lat' dir='ltr'><strong>Haec</strong></span> <span class='ocrx_word' id='word_1_204' title='bbox 532 2555 599 2609; x_wconf 89' lang='lat' dir='ltr'><strong>enim</strong></span> <span class='ocrx_word' id='word_1_205' title='bbox 614 2557 649 2620; x_wconf 90' lang='lat' dir='ltr'><strong>te,</strong></span> <span class='ocrx_word' id='word_1_206' title='bbox 662 2555 712 2609; x_wconf 88' lang='lat' dir='ltr'><strong>nisi</strong></span> <span class='ocrx_word' id='word_1_207' title='bbox 726 2556 763 2610; x_wconf 87' lang='lat' dir='ltr'><strong>ita</strong></span> <span class='ocrx_word' id='word_1_208' title='bbox 774 2555 859 2619; x_wconf 86' lang='lat' dir='ltr'><strong>facies,</strong></span> <span class='ocrx_word' id='word_1_209' title='bbox 876 2564 963 2609; x_wconf 86' lang='lat' dir='ltr'><strong>custos</strong></span> <span class='ocrx_word' id='word_1_210' title='bbox 975 2555 1030 2625; x_wconf 75' lang='lat' dir='ltr'><strong>dig=</strong></span> 
     </span>
     <span class='ocr_line' id='line_1_30' title="bbox 236 2629 1070 2702; baseline -0.001 -14"><span class='ocrx_word' id='word_1_211' title='bbox 236 2633 328 2688; x_wconf 87' lang='lat' dir='ltr'><strong>uitatis</strong></span> <span class='ocrx_word' id='word_1_212' title='bbox 340 2632 466 2702; x_wconf 90' lang='lat' dir='ltr'><strong>relinquet</strong></span> <span class='ocrx_word' id='word_1_213' title='bbox 478 2634 504 2686; x_wconf 89' lang='lat' dir='ltr'><strong>et</strong></span> <span class='ocrx_word' id='word_1_214' title='bbox 517 2631 624 2686; x_wconf 85' lang='lat' dir='ltr'><strong>deseret.</strong></span> <span class='ocrx_word' id='word_1_215' title='bbox 650 2632 755 2685; x_wconf 88' lang='lat' dir='ltr'><strong>Cretum</strong></span> <span class='ocrx_word' id='word_1_216' title='bbox 768 2629 869 2702; x_wconf 91' lang='lat' dir='ltr'><strong>quidem</strong></span> <span class='ocrx_word' id='word_1_217' title='bbox 880 2630 956 2701; x_wconf 82' lang='lat' dir='ltr'><strong>leges,</strong></span> <span class='ocrx_word' id='word_1_218' title='bbox 968 2649 1029 2701; x_wconf 86' lang='lat' dir='ltr'><strong>quas</strong></span> <span class='ocrx_word' id='word_1_219' title='bbox 1039 2640 1070 2687; x_wconf 75' lang='lat'><strong>³4</strong></span> 
     </span>
     <span class='ocr_line' id='line_1_31' title="bbox 237 2706 1031 2779; baseline -0.01 -14"><span class='ocrx_word' id='word_1_220' title='bbox 237 2710 293 2765; x_wconf 86' lang='lat' dir='ltr'><strong>siva</strong></span> <span class='ocrx_word' id='word_1_221' title='bbox 311 2708 414 2779; x_wconf 86' lang='lat' dir='ltr'><strong>Jupiter</strong></span> <span class='ocrx_word' id='word_1_222' title='bbox 431 2708 484 2762; x_wconf 89' lang='lat' dir='ltr'><strong>sive</strong></span> <span class='ocrx_word' id='word_1_223' title='bbox 504 2708 591 2761; x_wconf 91' lang='lat' dir='ltr'><strong>Minos</strong></span> <span class='ocrx_word' id='word_1_224' title='bbox 609 2708 701 2772; x_wconf 87' lang='lat' dir='ltr'><strong>sanxit,</strong></span> <span class='ocrx_word' id='word_1_225' title='bbox 720 2707 752 2762; x_wconf 90' lang='lat' dir='ltr'><strong>de</strong></span> <span class='ocrx_word' id='word_1_226' title='bbox 769 2706 840 2761; x_wconf 87' lang='lat' dir='ltr'><strong>Josis</strong></span> <span class='ocrx_word' id='word_1_227' title='bbox 857 2706 955 2777; x_wconf 91' lang='lat' dir='ltr'><strong>quidem</strong></span> <span class='ocrx_word' id='word_1_228' title='bbox 975 2724 1031 2758; x_wconf 86' lang='lat' dir='ltr'><strong>seu·</strong></span> 
     </span>
    </p>
   </div>
   <div class='ocr_carea' id='block_1_5' title="bbox 236 2778 1078 2939">
    <p class='ocr_par' dir='ltr' id='par_1_6' title="bbox 236 2778 1078 2939">
     <span class='ocr_line' id='line_1_32' title="bbox 237 2778 1055 2859; baseline -0.021 -17"><span class='ocrx_word' id='word_1_229' title='bbox 237 2787 329 2851; x_wconf 82' lang='lat' dir='ltr'><strong>tentia,</strong></span> <span class='ocrx_word' id='word_1_230' title='bbox 351 2788 382 2839; x_wconf 88' lang='lat' dir='ltr'><strong>ut</strong></span> <span class='ocrx_word' id='word_1_231' title='bbox 405 2788 487 2855; x_wconf 80' lang='lat' dir='ltr'><strong>poetae</strong></span> <span class='ocrx_word' id='word_1_232' title='bbox 507 2785 601 2854; x_wconf 86' lang='lat' dir='ltr'><strong>ierunt,</strong></span> <span class='ocrx_word' id='word_1_233' title='bbox 625 2785 741 2859; x_wconf 77' lang='lat' dir='ltr'><strong>itemque</strong></span> <span class='ocrx_word' id='word_1_234' title='bbox 761 2782 895 2856; x_wconf 59' lang='lat' dir='ltr'><strong>bpourqu,</strong></span> <span class='ocrx_word' id='word_1_235' title='bbox 908 2778 1055 2855; x_wconf 64' lang='lat' dir='ltr'><strong>hdouilous</strong></span> 
     </span>
     <span class='ocr_line' id='line_1_33' title="bbox 236 2849 1078 2939; baseline -0.031 -19"><span class='ocrx_word' id='word_1_236' title='bbox 236 2861 357 2919; x_wconf 79' lang='lat' dir='ltr'><strong>crudiunt</strong></span> <span class='ocrx_word' id='word_1_237' title='bbox 364 2860 540 2934; x_wconf 72' lang='lat' dir='ltr'><strong>juventutem,</strong></span> <span class='ocrx_word' id='word_1_238' title='bbox 554 2864 686 2939; x_wconf 80' lang='lat' dir='ltr'><strong>venando,</strong></span> <span class='ocrx_word' id='word_1_239' title='bbox 704 2861 852 2927; x_wconf 81' lang='lat' dir='ltr'><strong>currendo,</strong></span> <span class='ocrx_word' id='word_1_240' title='bbox 868 2849 1078 2913; x_wconf 49' lang='lat' dir='ltr'><strong>munemus-</strong></span> 
     </span>
    </p>
   </div>
   <div class='ocr_carea' id='block_1_6' title="bbox 636 2972 655 3013">
    <p class='ocr_par' dir='ltr' id='par_1_7' title="bbox 636 2972 655 3013">
     <span class='ocr_line' id='line_1_34' title="bbox 636 2972 655 3013; baseline 0 0"><span class='ocrx_word' id='word_1_241' title='bbox 636 2972 655 3013; x_wconf 79' lang='grc'>1</span> 
     </span>
    </p>
   </div>
   <div class='ocr_carea' id='block_1_7' title="bbox 0 0 1329 3367">
    <p class='ocr_par' dir='ltr' id='par_1_8' title="bbox 0 0 1329 3367">
     <span class='ocr_line' id='line_1_35' title="bbox 0 0 1329 3367; baseline 0 0"><span class='ocrx_word' id='word_1_242' title='bbox 0 0 1329 3367; x_wconf 95' lang='lat' dir='ltr'><strong> </strong></span> 
     </span>
    </p>
   </div>
  </div>
 </body>
</html>
