2634 3367
481 362 548 412 Lm.
560 358 591 407 V.
609 357 684 407 CAP.
698 358 737 414 28,
748 359 787 406 24.
984 358 1029 409 1⁷9

234 474 297 539 dixi,
318 488 361 528 me
379 470 442 526 iilud
463 471 547 541 ipsum
571 469 691 526 arbitrari
711 486 774 533 esse,
794 467 862 538 quod
883 485 1029 539 quaterem.

234 548 349 606 Immissi
367 564 426 603 oum
443 546 550 602 iaieibus
570 546 646 601 multi
666 548 809 616 purgarunt
829 549 855 599 at
876 550 1029 614 aperueruut

233 627 328 682 looum.
352 623 413 683 Quo
425 638 503 693 quum
515 622 659 693 patefaotur
671 627 739 677 essat
752 620 844 685 aditus,
855 619 887 674 ad
899 619 1027 676 adversam
1038 635 1068 680 66

234 700 318 755 basim
335 698 495 755 aooassimus.
530 697 678 770 Apparebat
696 696 857 767 epigramma,
872 696 954 751 exesis
972 714 1030 766 pos·

234 775 373 831 terioribus
390 774 506 845 partibus
522 773 712 837 versieulorum,
732 771 868 827 dimidiatis
886 771 947 828 isra.
987 772 1030 826 Ita

234 850 393 906 nobilissima
411 849 516 905 Gracia
536 850 633 914 civitas,
652 846 778 919 quondam
795 863 856 903 vero
877 847 953 902 etiam
971 846 1030 901 doa-

234 927 342 991 tissima,
359 925 401 981 sui
417 925 480 981 oivis
498 925 573 980 unius
591 923 732 980 acutissimi
749 928 940 979 monumentum
957 923 1030 994 igno·

234 1011 326 1073 rasset,
338 1007 387 1062 uisi
403 1006 436 1062 ab
447 1005 547 1061 homine
559 1005 684 1075 Arpinate
697 1003 922 1060 didicisset-Sed
933 1004 1028 1069 redeat,

234 1083 305 1139 unda
314 1082 448 1146 aberravit,
458 1081 547 1136 oratio.
578 1081 641 1147 Quis
653 1082 694 1135 ast
703 1080 823 1141 omnium,
833 1081 876 1150 qui
888 1079 963 1135 modo
972 1098 1030 1136 oum

235 1159 330 1224 Musis,
342 1157 421 1213 idest
437 1174 495 1213 oum
511 1157 669 1212 humanitate
686 1159 713 1211 et
729 1173 787 1211 eum
803 1155 925 1221 doctriua,
938 1156 1030 1212 habeat

235 1233 339 1306 aliquod
355 1233 540 1298 oommeroium,
561 1232 605 1304 qui
622 1250 650 1287 se
668 1249 719 1287 nou
738 1232 806 1286 huno
824 1232 1030 1287 mathematicum

235 1310 316 1375 malit,
335 1326 411 1381 quam
431 1309 503 1365 illum
519 1312 612 1379 tyrann
664 1310 676 1363 Ρ
707 1308 734 1362 Si
752 1309 811 1363 vitas
832 1306 933 1362 modum
953 1309 1031 1363 aotio-

235 1404 346 1457 nemque
362 1385 513 1456 querimus:
536 1384 609 1439 altori
637 1388 640 1392 ’
658 1400 729 1439 mens
747 1383 887 1439 rationibus
905 1384 1030 1455 agitandis

236 1459 450 1532 exquirendisque
473 1459 594 1527 alebatur,
618 1476 676 1515 oum
701 1459 869 1515 oblectatione
892 1459 1028 1525 sollertim3

235 1539 282 1609 qui
292 1541 333 1592 ast
344 1554 411 1591 uuus
423 1535 587 1591 suavissimus
602 1540 692 1605 pastus
708 1534 865 1590 aninrorum:
883 1535 986 1591 alterius
1003 1537 1031 1590 in

235 1612 305 1669 oaede
317 1615 343 1667 at
355 1611 461 1682 injuriis,
474 1628 531 1666 oum
544 1615 571 1665 et
583 1610 674 1666 diurno
686 1616 713 1666 et
724 1615 850 1667 nocturno
861 1615 939 1667 metu.
964 1613 1028 1682 Age,

236 1687 325 1744 oonier
344 1686 527 1752 Democritum,
546 1687 725 1757 Pythagoram,
748 1690 931 1758 Anaxagoram.
967 1689 1030 1753 Qum

235 1780 324 1834 regua,
341 1780 404 1833 quas
422 1779 483 1832 opes
501 1762 593 1817 studiis
611 1780 697 1817 eorum
715 1766 742 1817 ot
760 1762 969 1818 delectationibus
987 1781 1030 1818 an·

235 1840 363 1911 teponosl’
398 1837 501 1892 Etenim
518 1855 575 1909 qua
592 1856 651 1908 pars
669 1838 765 1907 optima
780 1842 821 1893 ast
836 1839 864 1893 in
879 1839 987 1903 homine,
1002 1839 1069 1900 inor

236 1932 267 1971 ea
283 1915 362 1969 situm
377 1930 434 1968 asse
450 1930 553 1969 neeesse
568 1920 608 1968 est
624 1912 694 1979 illud,
707 1913 773 1982 quod
787 1913 885 1983 queuis,
898 1914 1029 1984 optimum.

236 1988 306 2056 Quid
317 1999 358 2045 ast
369 1992 456 2044 autem
467 1989 494 2043 in
506 1988 606 2043 homine
618 1988 703 2058 sagaoi
712 2005 741 2043 aa
750 1988 816 2043 bona
826 1994 912 2044 ments
919 1988 1029 2044 melius?

236 2066 302 2137 Ejus
319 2065 386 2121 bono
404 2064 538 2120 fruendum
557 2068 597 2119 ast
612 2065 700 2135 igitur,
712 2064 735 2119 si
750 2063 818 2119 beati
834 2064 1028 2120 essevolumus.

236 2143 338 2197 Bonum
359 2145 443 2196 autem
465 2140 558 2195 mentis
579 2143 619 2195 est
638 2140 729 2196 virtus.
766 2141 836 2212 Ergo
859 2139 907 2197 heo
929 2140 1029 2196 beatam

235 2218 316 2272 vitam
328 2216 451 2272 oontineri
464 2233 567 2271 neeesse
578 2220 626 2270 est.
664 2216 732 2271 Hine
744 2217 835 2284 omnia,
848 2236 904 2287 quaa
915 2216 1028 2288 pulchra,

236 2292 352 2357 honesta,
370 2292 490 2363 praeclara
508 2296 576 2359 suut,
595 2294 625 2347 ut
644 2309 721 2363 supra
741 2292 810 2348 dixi:
834 2293 878 2348 sad
896 2294 1030 2351 dicendum

235 2369 305 2425 idam
325 2367 389 2424 illud
409 2368 493 2439 paullo
513 2366 616 2422 uberius
636 2367 753 2423 videtur:
784 2370 858 2440 plana
880 2372 1030 2442 gaudiorum

237 2448 306 2499 suut.
350 2443 391 2498 Ex
414 2442 543 2514 perpetuis
566 2447 652 2498 autem
675 2445 806 2519 plenisque
829 2447 928 2517 gaudiis
952 2467 1030 2519 quum

236 2518 399 2589 perspicuum
415 2520 449 2574 sit
461 2520 540 2574 vitam
555 2518 655 2575 beatam
670 2522 800 2587 exsistere,
817 2523 940 2593 sequitur,
952 2528 983 2579 ut
1000 2542 1031 2578 ea

236 2595 346 2649 exsistat
358 2611 389 2649 ox
402 2594 543 2650 honestate.

272 2670 374 2727 XXIV.
399 2670 458 2736 Sed,
479 2688 510 2726 ne
530 2670 614 2727 verbis
634 2672 716 2728 solum
737 2673 891 2743 attingamus
915 2690 952 2741 aa,
973 2692 1029 2745 quae
1042 2690 1073 2738 63

237 2746 356 2801 volumus
367 2746 508 2813 ostendere,
520 2747 682 2817 proponenda
693 2747 807 2818 quadam
819 2748 895 2818 quasi
902 2752 1040 2801 morantia

237 2825 306 2884 suat,
319 2838 376 2891 quse
390 2838 437 2877 nos
455 2822 538 2896 magis
555 2822 589 2881 sd
605 2824 787 2899 eognutionom
798 2820 1067 2893 inanimantium&

227 2900 389 2953 evurartant.
425 2899 559 2963 Sumatur
574 2904 651 2965 enim
667 2898 881 2973 uniusquidem
891 2890 1094 2963 &mmm
