2634 3367
308 331 338 381 78
447 330 646 378 TUSCULAN.
663 330 960 377 DISPUTATIONUM

269 448 301 495 62
342 440 439 493 XXVI.
458 438 621 503 Videmusne,
637 438 707 508 apud
723 456 787 509 quos
804 438 940 509 magistros
957 456 1044 492 eorum
1062 438 1101 493 lu·

307 515 405 580 dorum,
427 514 470 585 qui
493 514 604 585 gymnici
626 515 796 580 nominantur,
821 532 928 584 magnus
952 515 1032 569 honos
1056 516 1098 579 sit,

307 591 404 645 nullum
422 592 453 645 ab
468 590 508 658 iis,
520 590 564 660 qui
581 590 609 644 in
626 589 652 644 id
670 594 799 645 certamen
815 589 976 654 descendant,
993 590 1101 644 devitari

307 666 438 721 dolorem?
474 666 551 737 Apud
563 684 626 737 quos
643 670 727 721 autem
741 666 848 721 venandi
864 671 890 720 et
902 665 1033 737 equitandi
1045 666 1100 720 laus

307 744 385 814 viget,
410 744 454 814 qui
477 744 543 799 banc
567 748 710 815 petessant,
733 744 830 799 nullum
853 742 956 814 fugiunt
980 743 1099 799 dolorem.

308 819 379 877 Quid
396 819 428 874 de
446 821 541 875 nostris
560 819 747 885 ambitionibus,
767 818 829 890 quid
847 819 878 873 de
898 818 1038 890 cupiditate
1055 819 1098 873 bo

307 912 397 949 norum
409 897 516 966 loquar?
552 898 618 955 Qua
629 896 730 949 flamma
740 899 787 959 est,
801 912 846 964 per
858 912 932 965 quam
945 913 996 948 non
1008 912 1098 949 cucur·

308 972 388 1025 rerint
407 972 433 1039 ii,
454 974 500 1042 qui
518 972 574 1027 hac
593 971 653 1026 olim
674 970 776 1040 punctis
800 970 906 1041 singulis
927 970 1098 1041 colligebant?

309 1047 399 1117 ltaque
417 1066 516 1119 semper
532 1047 668 1101 Africanus
686 1045 841 1101 Socraticum
859 1045 1053 1116 Xenophontem
1072 1047 1099 1101 in

307 1122 423 1189 manibus
440 1122 566 1178 habebat:
583 1122 655 1193 cujus
671 1121 699 1175 in
713 1120 801 1192 primis
816 1120 935 1175 laudabat
947 1121 1016 1186 illud,
1030 1121 1100 1192 quod

308 1197 411 1264 diceret,
424 1200 524 1254 eosdem
542 1198 640 1253 labores
658 1216 711 1252 non
724 1216 780 1252 csse
796 1216 867 1268 aque
884 1216 975 1268 graves
992 1198 1100 1268 impera·

308 1275 359 1329 tori
370 1285 397 1331 et
409 1276 491 1340 militi,
504 1275 572 1347 quod
584 1274 638 1345 ipse
650 1274 730 1328 honos
745 1274 856 1329 laborem
871 1272 991 1328 leviorem
1003 1274 1099 1329 faceret

271 1351 504 1423 ttimperatorium.
550 1351 601 1406 Sed
621 1354 707 1405 tamen
730 1351 778 1405 hoc
798 1350 938 1413 eremitat
958 1350 985 1404 in
1005 1350 1100 1421 vulgus

309 1428 480 1497 insipientium
498 1425 582 1494 opinio
600 1426 683 1480 valeat
700 1425 849 1490 honestatis,
868 1443 945 1495 quum
963 1425 1044 1494 ipsam
1062 1426 1099 1480 vi·

309 1501 367 1555 dere
379 1518 431 1554 non
445 1501 552 1570 possint.
588 1500 681 1571 Itaque
693 1501 760 1554 lama
775 1505 802 1555 et
819 1500 987 1555 multitudinis
1000 1501 1098 1569 judicio

308 1579 449 1640 moventur,
473 1580 502 1629 ut
522 1574 549 1628 id
569 1574 704 1631 honestum
726 1579 825 1645 putent,
846 1576 949 1647 quoda
971 1576 1099 1647 plerisque

307 1649 433 1706 laudetur.
478 1650 514 1705 Te
538 1655 631 1715 autem,
656 1652 679 1705 si
706 1651 733 1705 in
756 1652 836 1707 oculis
860 1652 895 1707 sis
918 1652 1099 1719 multitudinis,

308 1734 394 1782 tamen
412 1728 466 1799 ejus
484 1726 580 1797 judicio
601 1729 669 1781 stare
689 1726 774 1792 nolim,
793 1746 848 1792 nec,
867 1728 935 1799 quod
952 1728 995 1781 illa
1014 1732 1097 1797 putet,

308 1801 374 1856 idem
392 1809 482 1874 putare
498 1802 701 1873 pulcherrimum.
736 1803 792 1858 Tuo
804 1802 852 1858 tibi
864 1803 959 1874 judicio
972 1808 1011 1857 est
1023 1808 1098 1858 uten-

308 1877 377 1933 dum.
412 1878 469 1933 'libi
485 1878 509 1933 si
526 1883 597 1934 recta
613 1878 731 1948 probanti
748 1878 864 1949 placebis,
882 1882 937 1932 tum
953 1897 1005 1933 non
1022 1880 1098 1934 modo

308 1959 362 2008 tete
377 1954 473 2019 viceris,
487 1953 555 2025 quod
573 1954 656 2025 paullo
674 1958 733 2009 ante
750 1954 932 2025 praecipiebam,
947 1954 993 2008 sed
1010 1972 1099 2010 omnes

269 2035 335 2085 olet
347 2031 436 2085 omnia
472 2031 531 2085 Hoc
548 2030 629 2102 igitur
645 2030 694 2085 tibi
711 2048 838 2101 propone:
862 2029 1053 2100 amplitudinem
1071 2035 1098 2086 et

308 2107 380 2178 quasi
392 2106 523 2178 quamdam
536 2106 756 2178 exaggerationem
766 2123 841 2176 quam
853 2105 1000 2160 altissimam
1013 2106 1098 2172 animi,

308 2201 365 2254 quae
379 2181 486 2236 maxime
498 2182 592 2236 eminet
608 2180 798 2237 contemnendis
810 2186 836 2235 et
849 2180 1016 2251 despiciendis
1028 2182 1098 2236 dolo-

194 2293 196 2296 .
307 2258 385 2322 ribus,
406 2276 480 2311 unam
505 2275 562 2311 esse
582 2258 694 2311 omnium
715 2275 769 2312 rem
792 2256 991 2328 pulcherrimam,
1017 2276 1098 2329 eoque

306 2332 482 2402 pulchriorem,
499 2333 520 2386 si
536 2337 610 2387 vacet
627 2331 728 2402 populo,
741 2351 831 2403 neque,
850 2333 965 2403 plausum
984 2338 1097 2404 captans,

306 2428 334 2463 se
346 2413 446 2463 tantum
461 2409 516 2478 ipsa
528 2407 644 2463 delectet.
682 2408 750 2475 Quin
765 2410 841 2465 etiam
852 2410 915 2465 mibi
926 2410 1028 2481 quidem
1044 2410 1098 2465 lau·

306 2485 427 2540 dabiliora
438 2484 556 2539 videntur
570 2484 661 2549 omnia,
675 2503 731 2555 quae
749 2486 803 2540 sinc
815 2486 986 2541 venditatione
999 2489 1025 2540 et
1042 2487 1097 2542 sine

306 2561 399 2632 populo
410 2565 476 2616 teste
488 2560 569 2614 fiunt:
588 2579 639 2615 non
651 2578 701 2630 quo
714 2560 850 2632 fugiendus
866 2562 908 2627 sit,
923 2563 1018 2633 (omnia
1029 2564 1096 2617 cuim

305 2637 437 2693 benefacta
447 2637 475 2691 in
486 2635 543 2690 luce
555 2655 583 2691 se
594 2636 711 2692 collocari
722 2637 831 2706 volunt)
846 2637 891 2693 sed
902 2642 988 2693 tamen
999 2639 1097 2693 nullum

306 2714 432 2769 theatrum
444 2713 536 2767 virtuti
547 2713 701 2768 conscientia
712 2712 793 2784 majus
805 2717 850 2767 est

251 2798 289 2841 ἂρ’
328 2790 444 2843 xxvia
465 2791 555 2860 Atque
575 2789 603 2844 in
623 2788 711 2862 primis
731 2787 882 2843 meditemur
902 2788 972 2853 illud,
991 2792 1022 2843 ut
1043 2789 1098 2844 haec

270 2862 409 2926 patientia
430 2864 569 2937 dolorum,
591 2886 674 2942 quam
695 2882 765 2938 sape
787 2867 843 2935 'ram
863 2863 942 2919 mimi
958 2865 1102 2917 intentiosa
