2634 3367
470 350 538 399 LIB.
550 351 594 399 1v.
614 352 688 403 cAP.
702 356 740 412 23,
754 358 791 402 24.
989 358 1034 404 139

242 460 317 525 oculi,
342 460 454 529 spiritus,
479 459 629 528 impotentia
652 461 777 516 dictorum
805 464 882 532 atque
909 462 1034 516 factorum

242 555 319 607 quam
342 541 440 606 partem
463 534 557 589 habent
581 537 718 591 sanitatis?
763 538 833 596 Quid
857 538 955 593 Achille
979 538 1061 596 Ho-.

241 613 336 666 merico
356 611 468 665 foedius?
493 611 554 681 quid
574 613 763 682 Agamemnone
784 614 809 668 in
825 615 930 684 jurgiol
965 614 1033 668 Nam

242 690 347 757 Ajacem
369 688 471 758 quidem
491 687 528 741 ira
549 687 580 741 ad
598 689 709 743 furorem
730 694 887 760 mortemque
909 691 1034 760 perduxit.

241 765 305 819 Non
320 765 400 834 igitur
418 764 543 818 desiderat
562 764 686 819 fortitudo
705 765 852 820 advocatam
870 766 1032 820 iracundiam.

242 841 311 896 Satis
324 845 363 895 est
376 841 509 905 instructa,
521 844 616 908 parata,
630 844 726 894 armata
743 859 786 910 per
799 859 862 896 sese.
899 842 965 895 Nam
983 844 1033 896 isto

241 916 317 972 modo
329 915 430 986 quidem
447 915 506 969 licet
523 914 612 979 dicere,
630 916 718 971 utilem
734 917 896 972 vinolentiam
913 918 945 971 ad
961 919 1033 972 forti·

241 991 365 1056 tudinem,
382 991 470 1045 utilem
491 991 567 1045 etiam
588 990 748 1057 dementiam,
768 993 835 1062 quod
857 998 883 1047 et
903 993 985 1047 insani
1007 1002 1033 1048 et

241 1067 305 1122 ebrii
324 1067 405 1121 multa
422 1067 519 1121 faciunt
542 1085 608 1136 soepe
625 1068 808 1122 vehementius.
845 1069 949 1139 Semper
965 1070 1033 1140 Ajax

241 1144 324 1209 sortis,
337 1143 490 1197 fortissimus
502 1147 588 1197 tamen
599 1144 627 1197 in
639 1144 740 1199 furore:

274 1260 340 1307 Nam
352 1260 445 1307 facinus
456 1259 512 1306 fecit
523 1259 664 1314 minimum,
677 1275 740 1316 cum,
750 1259 841 1305 Danais
853 1258 1031 1316 inclindntibus

274 1334 393 1378 summtm
406 1346 456 1377 rem
467 1330 569 1391 perfecit
579 1345 674 1386 manus,
686 1345 737 1377 rem
748 1330 852 1377 restituit
863 1330 990 1377 instniens.

275 1436 375 1490 XXIV.
405 1437 527 1490 Dicamus
551 1436 630 1507 igitur
653 1436 741 1490 utilem
766 1435 895 1491 insaniam.
942 1434 1034 1490 Tracta
1044 1452 1074 1496 53

241 1512 413 1567 definitionem
425 1512 598 1566 fortitudinis:
617 1512 752 1582 intelliges,
765 1530 820 1566 eam
835 1512 965 1567 stomacho
981 1530 1032 1567 non

241 1608 324 1659 cgere.
362 1588 497 1642 Fortitudo
512 1596 551 1642 est
568 1588 648 1658 igitur
659 1589 759 1643 affectio
776 1588 851 1650 animi
863 1587 914 1657 legi
930 1607 1033 1643 summa

240 1666 267 1719 in
290 1664 462 1735 perpetiendis
485 1663 561 1718 rebus
585 1665 782 1735 obtemperans;
812 1664 853 1719 vel
876 1666 1034 1719 conservatio

240 1742 340 1797 stabilis
353 1741 443 1810 judieii
460 1740 487 1794 in
504 1741 540 1794 eis
559 1741 642 1808 rebus,
655 1761 711 1812 quse
727 1741 896 1796 formidolosa
907 1741 1034 1807 videntur,

240 1816 380 1874 subeundis
404 1821 430 1870 et
453 1816 618 1886 repellendis;
648 1817 689 1872 rel
713 1818 818 1871 scientia
841 1836 925 1871 rerum
949 1817 1033 1871 formi-

240 1894 385 1949 dolosarum
402 1893 633 1963 contrariarumque
650 1893 855 1963 perferendarum
869 1896 913 1947 aut
931 1893 1033 1946 omniuo

239 1969 456 2041 negligendarum,
481 1987 632 2023 conservans
659 1986 745 2022 earum
773 1986 857 2023 rerum
882 1967 971 2022 stabile
993 1968 1033 2036 ju·

241 2047 351 2111 dicium;
372 2046 412 2100 vel
430 2045 539 2108 brevius,
557 2051 586 2098 ut
605 2044 769 2115 Chrysippus.
804 2043 872 2097 Nam
891 2042 1033 2112 superiores

240 2123 400 2177 definitiones
421 2125 492 2176 erant
512 2121 615 2190 Sphaeri,
635 2120 744 2173 hominis
762 2118 788 2172 in
806 2117 893 2188 primis
911 2117 975 2172 bene
993 2118 1033 2172 de-

241 2200 360 2263 finientis,
380 2203 409 2253 ut
429 2201 521 2267 putant
542 2197 635 2251 Stoici:
662 2200 722 2249 sunt
743 2194 810 2249 enim
828 2194 929 2249 omnino
947 2212 1033 2251 omues

240 2276 294 2330 sere
316 2275 426 2341 similes;
457 2273 502 2328 sed
522 2272 650 2327 declarant
674 2289 819 2326 communes
840 2271 964 2339 notiones,
986 2272 1034 2327 alia

240 2359 322 2429 magis
340 2358 396 2412 alia.
433 2358 493 2415 (tuo
506 2356 580 2409 modo
592 2355 672 2426 igitur
683 2354 860 2426 Chrysippus?
897 2354 1032 2410 Fortitudo

240 2439 289 2499 est,
306 2435 398 2505 inquit,
418 2433 524 2487 scicntia
541 2450 624 2485 rerum
643 2430 857 2501 perferendarum,
875 2432 915 2486 vel
934 2432 1033 2487 affectio

239 2511 319 2566 animi
337 2511 364 2564 in
385 2509 504 2580 patiendo
523 2527 553 2561 ac
573 2506 730 2577 perferendo,
749 2526 852 2562 summac
871 2507 922 2577 legi
942 2526 1033 2578 parens

239 2589 296 2643 sine
313 2587 413 2641 timore.
450 2584 573 2644 Quamvis
592 2583 651 2637 lieet
668 2583 822 2637 insectemur
837 2582 908 2647 istos,
924 2588 954 2636 ut
972 2584 1033 2637 Car·

238 2663 334 2719 neades
352 2661 465 2716 solebat:
487 2664 581 2723 metuo,
600 2676 632 2712 ne
650 2658 697 2712 soli
714 2656 858 2728 philosophi
875 2658 934 2711 sint.
971 2659 1033 2722 Quae

239 2739 308 2794 enim
321 2739 429 2792 istarum
439 2736 612 2791 definitionum
622 2752 672 2787 non
682 2734 762 2803 aperit
772 2734 899 2787 notionem
912 2736 1031 2797 nostram,

240 2832 318 2885 quarn
335 2813 457 2867 habemus
475 2830 562 2867 omnes
575 2810 607 2866 do
625 2809 789 2878 fortitudine,
795 2810 897 2863 temam
911 2809 995 2872 stupe
1002 2807 1051 2885 ‘xu-

234 2889 368 2944 volutam?
385 2908 436 2962 qua
448 2895 551 2964 aperta,
564 2890 626 2965 quis
639 2894 693 2960 est,
704 2890 753 2965 uui
763 2877 1017 2944 autbehatoixau&
1022 2888 1076 2923 uu·
