2634 3367
284 364 299 411 6
424 361 621 410 TUSCULAN.
640 361 940 410 DISPUTATIONUM

284 470 340 524 illos
353 473 423 540 puto.
453 469 492 524 M.
507 469 594 540 Igitur
604 487 637 523 ne
649 488 705 523 esse
718 469 827 539 quidem.
859 472 891 524 A.
905 470 1013 524 Prorsus
1028 467 1079 521 isto

284 545 376 600 modo:
396 552 422 599 et
434 550 521 600 tamen
532 545 638 599 miseros
650 545 683 600 ob
693 545 718 599 id
731 546 814 618 ipsum
826 545 935 617 quidem,
946 545 1005 616 quia
1017 544 1079 598 nulii

245 630 275 676 12
285 626 354 676 sunt.
390 621 429 676 M.
441 622 500 675 Jam
516 621 615 675 mallem
632 621 771 676 Cerberum
787 627 921 686 metueres,
936 639 1011 692 quam
1029 621 1080 674 ista

285 702 339 752 tam
350 696 535 751 inconsiderate
548 696 651 752 diceres.
679 698 710 752 A.
723 698 909 758 Quitandemi
940 697 979 752 M.
993 697 1078 756 Quem

285 791 341 828 esse
353 791 439 845 negas,
452 772 569 829 eumdem
580 792 636 828 esse
650 774 720 829 dicis.
750 774 804 829 Ubi
815 778 855 829 est
868 792 973 829 acumen
984 774 1078 828 tuum?

286 850 375 910 Quum
390 850 457 905 enim
473 850 592 904 miserum
610 869 665 906 esse
678 850 748 916 dicis,
761 854 818 905 tum
833 869 899 916 eum,
913 850 957 920 qui
972 850 1078 916 nonsit,

286 926 349 982 diois
361 944 425 981 esse.
456 928 487 980 A.
501 926 563 981 Non
574 944 631 981 sum
643 927 681 981 ita
692 926 777 993 hebes,
790 930 821 981 ut
832 927 902 982 istud
914 926 1003 981 dicam.
1036 924 1076 979 Μ.

287 1002 357 1061 Quid
377 1002 439 1058 dicis
457 1002 555 1074 igitur?
593 1005 625 1056 A.
641 1002 767 1057 Miserum
785 1021 840 1057 esse
856 1002 928 1057 verbi
946 1019 1021 1057 causa
1036 1001 1076 1055 M.

287 1079 415 1146 Crassum,
427 1080 472 1151 qni¹
488 1080 543 1135 illas
561 1079 677 1135 fortunas
695 1089 776 1134 morte
794 1078 932 1134 dimiserit:
957 1078 1077 1132 misemm

287 1156 334 1211 On.
351 1156 508 1228 Pompeium,
528 1156 571 1228 qui
591 1160 665 1211 tanta
688 1156 769 1226 gloria
789 1156 823 1210 sit
844 1154 964 1210 orbatos:
990 1172 1077 1208 omnes

286 1231 395 1305 deniqne
411 1234 523 1299 miseros,
537 1234 580 1303 qni
591 1234 639 1289 hac
654 1233 711 1288 luce
729 1236 838 1287 careant.
875 1232 914 1287 M.
928 1230 1077 1286 Revolveris

286 1309 382 1365 eodem.
418 1311 474 1365 Sint
491 1310 558 1364 enim
569 1313 678 1379 oportet,
692 1310 714 1364 si
729 1309 814 1364 miseri
831 1311 899 1364 sunt.
935 1308 975 1362 Tu
990 1311 1076 1361 autem

286 1386 361 1440 modo
379 1386 489 1456 negabas
506 1404 550 1439 eos
567 1403 631 1450 esse,
648 1386 692 1456 qui
710 1386 804 1440 mortui
821 1387 915 1439 essent.
952 1383 979 1437 Si
996 1383 1076 1453 igitur

286 1480 338 1517 non
349 1466 417 1525 sunt,
427 1461 490 1515 nihil
501 1464 609 1530 possunt
620 1478 691 1515 esse:
710 1462 747 1516 ita
758 1479 790 1515 ne
802 1460 887 1514 miseri
896 1458 997 1530 quidem
1006 1464 1075 1514 sunt.

288 1538 319 1592 A.
331 1538 392 1592 Non
409 1537 465 1591 dico
482 1536 590 1591 fortasse
608 1537 693 1603 etiam,
708 1536 776 1608 quod
793 1536 883 1591 sentio.
920 1535 988 1590 Nam
1005 1534 1076 1589 istud

285 1613 377 1682 ipsum,
396 1631 448 1667 non
464 1631 527 1681 esse,
544 1631 622 1684 quum
639 1614 726 1681 fueris,
744 1612 911 1668 miserrimum
929 1614 1000 1682 puto.
1035 1611 1075 1665 M.

249 1694 277 1740 le
287 1689 376 1747 Quid?
397 1689 520 1756 miserius,
532 1708 607 1760 quam
624 1692 727 1745 omnino
742 1707 878 1760 numquam
891 1689 988 1743 fuisse?
1025 1688 1074 1753 Ita,

286 1766 330 1836 qui
347 1764 458 1820 nondum
474 1766 529 1820 uati
546 1769 616 1828 sunt,
628 1766 714 1821 miseri
721 1768 776 1836 jam
788 1771 857 1830 sunt,
870 1765 914 1836 qui
931 1782 983 1819 non
998 1768 1074 1819 sunt:

286 1846 313 1895 et
324 1859 376 1896 non
386 1841 443 1912 ipsi,
456 1842 479 1895 si
495 1846 553 1911 post
569 1846 677 1897 mortem
689 1842 774 1897 miseri
786 1842 868 1896 futuri
881 1858 976 1905 sumus,
990 1841 1075 1895 miseri

286 1917 388 1984 suimus,
406 1922 541 1989 antequam
558 1919 620 1973 nati.
656 1919 714 1990 Ego
732 1922 817 1973 autem
837 1935 889 1972 non
908 1916 1074 1982 commemini,

285 1998 420 2066 antequam
431 2013 488 2049 sum
500 1998 583 2060 natus,
596 2013 637 2049 me
653 1995 781 2049 miserum.
818 1994 858 2047 Tu
870 1991 893 2047 si
908 1992 1012 2048 meliore
1022 2011 1075 2047 me-

285 2070 411 2133 morines,
424 2070 497 2126 velim
510 2071 582 2138 scire,
595 2070 685 2142 ecquid
697 2070 728 2125 de
740 2074 767 2125 te
779 2068 917 2125 recordere.

320 2146 384 2201 VII.
402 2148 434 2199 A.
447 2147 490 2200 Ita
497 2148 600 2216 jocaris,
613 2147 685 2218 quasi
697 2165 745 2217 ego
757 2146 838 2201 dicam
850 2164 894 2201 eos
905 2144 1017 2208 miseros,
1031 2144 1074 2215 qui

284 2222 339 2277 nati
355 2240 406 2276 non
423 2226 491 2287 sunt,
504 2227 531 2276 et
549 2240 600 2276 non
615 2240 667 2287 eos,
681 2223 723 2291 qui
741 2222 835 2276 mortui
852 2225 921 2276 sunt.
957 2220 996 2275 M.
1009 2220 1074 2276 Esse

284 2316 346 2368 ergo
358 2317 400 2353 eos
413 2298 483 2352 dicis.
518 2298 549 2351 A.
563 2299 652 2361 Immo,
666 2298 725 2368 quia
736 2314 788 2351 non
799 2301 867 2361 sunt,
881 2316 959 2367 quum
970 2296 1073 2361 fuerint,

284 2391 314 2427 eo
333 2374 438 2428 miseros
458 2391 523 2428 esse.
559 2374 598 2428 M.
615 2373 761 2444 Pugnantia
779 2377 806 2427 te
826 2372 896 2444 loqui
915 2390 967 2427 non
983 2371 1073 2427 vides?

284 2448 354 2508 Quid
369 2450 437 2505 enim
451 2456 504 2504 tam
521 2455 627 2520 pugnat,
640 2468 715 2520 quam
731 2467 783 2503 non
799 2449 873 2504 modo
888 2449 1016 2512 miserum,
1029 2447 1074 2503 sed

282 2526 384 2580 omuino
397 2525 531 2596 quidquam
549 2544 613 2589 esse,
627 2526 671 2596 qui
687 2543 739 2579 non
756 2526 810 2579 siti
842 2526 884 2579 An
900 2530 938 2589 tn,
956 2542 1073 2594 egressus

282 2608 357 2671 porta
375 2602 477 2672 Capena
494 2620 571 2673 quum
586 2600 708 2665 'Calatini
729 2601 882 2672 Scipionum,
902 2600 1072 2665 Serviliorum,

282 2677 446 2733 Metellorum
470 2677 585 2747 sepulcra
605 2677 684 2740 rides,
706 2678 811 2732 miseros
835 2681 910 2748 putas
934 2676 1010 2731 illos?
1041 2678 1072 2731 A.

276 2752 403 2809 Quoniam
420 2772 464 2807 me
477 2752 554 2808 verbo
568 2754 671 2826 premis,
683 2754 789 2825 posthac
805 2771 856 2807 non
872 2754 909 2807 ita
923 2752 1011 2817 dicam,
1023 2752 1073 2804 mi·

246 2834 329 2875 ,seras
341 2844 403 2891 me,
419 2829 473 2885 sed
490 2836 602 2901 tantum,
622 2834 743 2901 miseros,
754 2830 788 2887 ob
802 2829 833 2885 'u
844 2831 940 2899 ipsum,
950 2828 1010 2895 auia
1022 2844 1078 2879 non

231 2900 309 2947 ’Μ
348 2901 394 2957 Μ.
407 2905 479 2967 Non
497 2909 570 2971 dicis
587 2911 685 2988 igitur,
706 2911 791 2967 miser
803 2916 841 2963 ac
858 2904 898 2960 M.
911 2902 1031 2961 umus,
1044 2898 1095 2950 A&

209 3064 226 3112 A
