2634 3367
310 335 342 382 82
366 403 373 416 ,
450 331 646 380 TUSCULAN.
665 330 963 378 DlsPUrA'rlortutu

310 439 369 494 vite
386 439 482 494 simile:
505 442 541 503 et,
558 457 635 509 quum
656 439 716 494 illuc
737 456 769 493 ex
786 439 826 493 luis
842 437 948 493 vinculis
966 435 1050 493 omissi
1067 438 1103 494 ic·

309 532 402 580 remur,
420 516 504 569 minus
521 514 665 569 tardabitur
680 533 771 570 cursus
788 514 935 569 animorum.
971 515 1040 569 Nam
1058 517 1104 585 qui

309 590 336 644 in
355 590 526 660 compedibus,
546 591 658 661 corporis
679 609 778 659 semper
798 590 910 655 fuerunt,
928 589 1005 645 ctiam
1024 609 1103 660 quum

310 665 387 720 soluti
399 670 467 731 sunt,
480 665 578 720 tardius
595 665 788 737 ingredinntnr3
806 680 837 721 ιιι
846 666 874 731 ii,
887 666 932 737 qui
943 665 1011 721 ferro
1023 667 1104 723 vincti

310 740 405 796 multos
423 759 502 797 anuos
519 741 630 797 inerunt
666 743 723 807 Quo
735 759 814 812 quum
825 742 974 806 venerimus,
988 746 1043 796 tum
1060 742 1103 799 dc·

309 816 386 886 nique
398 817 519 872 vivemus.
544 816 612 871 Nam
624 816 679 872 ιιι
690 817 793 886 quidem
805 817 859 871 vita
870 834 938 871 mors
950 820 1008 872 est:
1026 836 1104 888 quam

310 892 443 947 lamentari
456 910 565 963 possem,
577 894 600 948 si
610 892 709 947 liberet.

272 980 302 1030 76
346 970 377 1021 Δ.
396 968 464 1023 Satis
482 972 513 1023 tu
531 968 633 1037 quidem
652 968 680 1023 in
698 967 870 1023 consolatione
888 985 916 1023 es
933 968 1101 1024 lamentatas:

310 1061 476 1114 quamquam
492 1044 556 1115 lego,
569 1043 633 1098 nihil
647 1042 721 1108 malo,
735 1061 810 1113 qnam
826 1044 873 1098 bas
889 1061 930 1097 res
944 1043 1101 1113 relinquerc;

310 1118 420 1173 hisvero
431 1119 506 1174 modo
518 1119 619 1184 auditis,
630 1118 712 1173 multo
723 1118 812 1189 magis.
838 1119 876 1171 M.
885 1117 979 1174 Veniet
990 1124 1102 1190 tempus,

310 1194 450 1264 etquidem
462 1195 585 1259 celeriter,
598 1198 625 1250 at
640 1195 695 1249 sive
705 1193 855 1249 retractabis
869 1193 923 1248 sive
939 1194 1100 1264 properabis:

309 1269 379 1325 volat
390 1271 458 1325 enim
469 1274 539 1326 aetas.
572 1271 682 1325 Tantum
695 1279 781 1324 autem
792 1268 864 1324 abest
876 1268 908 1324 ab
916 1286 955 1335 eo,
963 1273 994 1323 ut
1006 1269 1101 1325 malum

310 1362 378 1400 mors
395 1346 437 1413 ιιι,
449 1345 518 1416 quod
533 1345 582 1401 tibi
598 1345 694 1399 dudum
706 1344 846 1408 videbatur,
858 1347 994 1408 utrercar,
1006 1362 1039 1399 ne
1055 1346 1102 1400 bo-

310 1420 372 1475 mini
387 1420 450 1474 nihil
468 1420 510 1486 sit,
523 1437 574 1474 non
590 1419 684 1474 malum
700 1419 768 1475 aliud
784 1423 861 1486 certe,
873 1419 918 1473 sed
933 1418 995 1474 nihil
1006 1419 1100 1474 bonum

310 1494 379 1550 aliud
394 1495 494 1565 potius:
514 1496 536 1549 si
548 1494 649 1565 quidem
662 1495 702 1550 rel
713 1495 748 1549 dii
764 1495 820 1564 ipsi,
832 1493 873 1549 vel
889 1512 946 1549 cum
959 1494 1007 1549 diis
1019 1496 1101 1550 futuri

310 1586 407 1623 sumus.
442 1571 475 1624 A.
488 1569 559 1629 Quid
574 1569 673 1624 rciertl
708 1570 811 1626 Adsunt
827 1570 902 1638 enirn,
914 1570 959 1640 qui
977 1570 1031 1625 haec
1048 1589 1101 1626 non

309 1644 425 1715 probent.
461 1646 498 1698 M.
511 1646 567 1716 Ego
584 1650 670 1701 autem
687 1664 824 1716 numquam
841 1646 879 1700 ita
894 1650 921 1700 te
938 1646 966 1700 in
982 1646 1031 1701 hoc
1047 1665 1100 1701 ser·

309 1737 384 1776 monc
395 1720 529 1784 dimittam,
542 1720 594 1775 ulla
604 1724 635 1775 ut
652 1722 750 1776 ratione
767 1739 835 1777 mors
853 1720 901 1776 tibi
911 1721 991 1776 videri
1006 1722 1101 1777 malum

271 1795 398 1866 77possit.
434 1796 466 1848 A.
485 1796 540 1856 Qui
559 1800 653 1866 potest,
675 1815 753 1867 quum
773 1797 825 1851 ista
847 1797 1026 1867 cognoveriml
1061 1798 1100 1853 M.

310 1871 364 1929 Qui
380 1871 468 1940 possit,
481 1872 576 1941 rogasl
613 1872 728 1927 Caterva
739 1871 843 1927 veniunt
855 1872 1099 1940 contradicentium,

309 1964 361 2003 uon
378 1946 459 2002 solnm
477 1948 668 2018 Epicureorum,
687 1965 751 2018 qnos
768 1947 884 2017 equidem
902 1965 954 2002 non
970 1948 1098 2018 despicio:

309 2022 355 2077 sed
377 2022 463 2078 nescio
487 2041 537 2092 quo
561 2023 636 2077 modo
660 2022 821 2078 doctissimus
845 2023 958 2094 quisquc,
979 2025 1099 2081 acerrime

309 2102 394 2153 autem
416 2099 511 2154 deliciae
531 2117 601 2164 mea,
620 2099 790 2164 Dicoearchus,
809 2104 899 2153 contra
914 2100 979 2154 banc
999 2100 1099 2155 immor·

308 2174 434 2228 talitatem
454 2174 582 2229 disseruit.
619 2176 647 2228 Is
668 2174 734 2229 enim
755 2178 808 2229 trcs
829 2174 907 2230 libros
926 2174 1035 2245 scripsit,
1054 2177 1098 2246 qui

309 2248 427 2304 Lesbiaci
444 2254 574 2314 vocantur,
594 2248 662 2320 quod
679 2250 811 2320 Mytilenis
826 2267 908 2305 sermo
924 2250 1047 2306 habetur:
1071 2252 1099 2307 in

309 2324 401 2393 quibus
411 2323 466 2377 vult
478 2324 582 2389 efficere,
593 2324 689 2378 animos
701 2342 757 2379 esse
768 2325 895 2380 mortales.
921 2326 1001 2381 Stoici
1012 2330 1098 2381 autem

308 2416 411 2453 usuram
435 2398 507 2453 nobis
531 2399 680 2469 largiuntur,
705 2405 835 2471 tamquam
858 2401 999 2457 cornicibus
1011 2423 1019 2467 ;
1054 2401 1098 2458 diu

309 2492 440 2530 mansuros
452 2475 524 2528 aiunt
536 2475 631 2529 animos
638 2496 646 2540 ;
665 2493 771 2547 semper,
784 2480 887 2548 negant.

344 2550 458 2605 XXXII.
471 2550 574 2604 Numnc
583 2550 621 2604 vis
630 2550 709 2620 igitur
717 2552 811 2616 audire,
821 2569 874 2619 cur,
883 2551 959 2606 etiam
971 2551 994 2606 ιι
1005 2552 1042 2605 ιιι
1053 2553 1096 2618 ιιι,

309 2643 378 2680 mors
393 2629 478 2680 tamen
493 2643 544 2679 nou
560 2626 632 2680 sitin
648 2626 739 2681 malis?
770 2630 801 2682 Δ.
814 2629 851 2681 Ut
865 2627 978 2683 videtur:
997 2627 1043 2681 sed
1056 2645 1097 2682 mc

267 2707 301 2757 78
307 2718 383 2755 nemo
395 2700 427 2755 de
438 2700 626 2756 immortalitate
638 2700 755 2771 depellet.
786 2703 824 2757 M.
838 2702 928 2757 Laudo
939 2702 966 2756 id
978 2702 1097 2772 quidem:

291 2775 426 2830 etm'm'lnl
433 2777 514 2833 nimis
526 2778 778 2850 oportet-confidere.
805 2779 939 2832 blovemnr
950 2779 1017 2831 euim
1030 2796 1097 2849 soepc

272 2842 368 2913 αΙίιιιο
379 2856 463 2909 acute
476 2857 614 2926 concluso,
628 2857 753 2915 labamus
765 2858 948 2921 mutamusque
956 2852 1111 2904 senteutiam
