2634 3367
295 330 330 380 94
433 328 628 378 TUSCULAN.
646 325 944 376 DISPUTATIONUM

297 438 390 509 Itaque
401 437 468 508 apud
477 436 624 506 Euripidem
637 436 758 491 a'l'heseo
770 436 839 491 diota
849 434 994 490 laudantur.
1020 433 1094 489 Idoet

297 515 372 578 euim,
385 520 416 568 ut
429 530 495 582 saepe
507 512 621 576 facimus,
634 512 662 567 iu
674 512 795 567 Latinum
807 512 851 567 iila
862 514 1018 567 convertere.

331 616 397 664 Nam
409 617 451 678 qui
463 616 516 662 haeo
528 615 610 662 audita
620 631 635 663 a
645 614 717 663 ddoto
727 615 893 663 meminissem
905 614 966 671 viro,

330 684 424 734 iutsiras
435 701 530 733 mecum
542 684 723 733 commentabar
733 683 856 733 miserius:

331 764 375 804 aut
384 755 487 804 mortem
498 757 618 813 acerbam,
629 763 671 803 sut
682 756 761 803 exsilii
773 759 882 803 maeotim
893 754 986 815 fugam,

332 834 375 874 sut
386 829 481 890 semper
489 826 594 888 aliquam
606 827 696 874 mitem
707 827 838 874 meditabtr
848 825 921 873 mali:

331 905 368 953 ut,
380 893 402 944 si
412 912 460 959 qua
470 897 566 944 invecta
576 893 660 944 diritas
672 894 730 944 casu
740 898 809 952 foret,

331 982 362 1015 ue
374 982 412 1014 me
422 970 570 1029 imparatum
582 965 640 1014 odra
651 967 767 1015 laceraret
778 980 872 1028 repens.

261 1070 293 1116 8⁰
301 1060 379 1120 Quod
395 1065 480 1115 autem
497 1060 610 1115 Theseus
627 1061 729 1116 adooto
741 1078 769 1117 se
785 1060 885 1115 audisse
897 1060 968 1127 dicit,
981 1059 1007 1114 id
1019 1060 1051 1114 de
1068 1078 1097 1115 se

301 1136 357 1208 ipso
378 1136 492 1208 loquitur
509 1137 651 1207 Euripides.
688 1138 783 1192 Fuerat
804 1137 871 1191 enim
892 1136 992 1190 auditor
1009 1138 1098 1191 Anax·

302 1231 401 1284 agorae:
421 1231 496 1284 quem
507 1213 602 1279 ierunt,
614 1214 732 1268 nuntiata
743 1217 825 1268 morte
836 1212 888 1277 filii,
902 1211 1005 1275 dixisse,
1017 1217 1035 1240 “
1042 1213 1097 1267 Soi-

302 1288 375 1344 ebam
392 1307 433 1343 me
450 1288 569 1359 genuisse
586 1289 745 1344 mortalem.”
781 1289 846 1347 Quae
861 1305 911 1342 vox
928 1286 1047 1352 declarat,
1064 1287 1097 1341 iis

302 1373 359 1419 esse
374 1365 429 1419 haeo
441 1364 538 1429 acerba,
552 1364 644 1436 quibus
661 1383 713 1420 nou
727 1364 822 1419 fuerint
834 1363 952 1433 cogitata.
987 1362 1058 1433 Ergo
1070 1361 1097 1417 id

303 1440 403 1509 quidem
422 1458 474 1493 uon
492 1439 604 1507 dubium,
621 1442 683 1511 quin
701 1440 792 1505 omnia,
809 1456 866 1509 quse
883 1437 949 1492 mala
965 1442 1097 1508 putentur,

303 1516 355 1569 sint
373 1514 511 1583 improvisa
531 1514 654 1583 graviora.
690 1514 782 1586 Itaque
800 1531 951 1584 quamquam
971 1531 1023 1568 uou
1041 1514 1098 1568 haee

302 1607 355 1644 una
365 1607 407 1643 res
418 1589 495 1643 efficit
511 1588 645 1643 maximam
663 1589 854 1659 egritudinem:
872 1594 965 1654 tamen,
979 1590 1097 1659 quoniam

303 1664 412 1719 multum
429 1668 514 1733 potest
532 1664 642 1734 provisio
660 1665 738 1718 animi
756 1670 783 1719 et
800 1665 951 1736 praeparatio
967 1663 1000 1718 ad
1016 1665 1098 1718 minu·

255 1796 257 1798 .
303 1739 399 1793 endum
423 1738 542 1805 dolorem,
566 1739 618 1793 siut
641 1758 740 1810 semper
763 1740 848 1796 omnis
871 1740 965 1795 homiui
988 1739 1099 1794 humana

303 1815 433 1870 meditatu
468 1816 504 1869 Et
521 1815 640 1870 nimirum
657 1816 712 1871 haee
729 1819 769 1871 est
781 1816 824 1871 illa
836 1821 958 1886 praestans
974 1820 1001 1871 et
1013 1816 1100 1870 divina

304 1891 436 1959 sapientia,
448 1894 475 1946 et
487 1897 620 1962 perceptas
637 1892 740 1961 penitus
752 1895 779 1947 et
796 1896 962 1962 pertractatas
977 1892 1099 1946 humanas

305 1985 346 2022 res
358 1968 466 2033 habere3
484 1968 548 2023 nihil
559 1968 684 2036 admirari,
697 1987 776 2039 quum
792 1967 912 2022 addiderit
919 1989 927 2034 ;
945 1967 1016 2034 nihii,
1029 1972 1100 2022 ante-

304 2062 381 2115 quam
393 2045 513 2110 evenerit,
527 2064 578 2100 nou
589 2044 690 2100 evenire
702 2062 776 2116 posse
788 2044 913 2099 arbitrari

339 2146 421 2196 Quam
436 2148 466 2194 ob
477 2164 527 2195 rem
544 2146 635 2205 dmues,
648 2163 724 2211 quum
736 2143 847 2195 seoriudae
862 2160 900 2193 rer
912 2152 968 2193 sunt
979 2150 1100 2204 mtxume,

403 2224 456 2263 tum
468 2222 580 2267 mtxume

339 2286 546 2401 mediffinsgeoum
563 2287 665 2350 opdrtet,
679 2303 727 2349 quo
743 2294 812 2349 parto
826 2286 951 2334 tdvorsam
968 2289 1102 2357 aerumntm

340 2421 436 2485 pericla.
449 2390 546 2482 damna,
556 2430 655 2488 peregre
666 2428 758 2475 rediens
770 2431 865 2489 semper
876 2443 958 2475 seeum
969 2424 1068 2487 edgstet,

339 2509 383 2548 aut
402 2497 448 2618 {iii
470 2511 604 2563 peceatum,
627 2501 670 2550 arit
691 2506 774 2551 uxoris
794 2502 905 2561 mdrtem,
924 2511 967 2552 aut
989 2505 1103 2551 morbum

340 2586 478 2689 eommu'ddd
494 2656 546 2689 esse
565 2642 626 2700 haee,
646 2645 677 2691 ue
693 2644 752 2706 quid
767 2644 855 2692 horum
875 2659 991 2706 umquam
1010 2645 1103 2692 decidat

404 2709 486 2758 animd
496 2727 584 2760 novom
593 2730 599 2760 r

338 2779 565 2904 quidguj‘gmpgoeter
584 2798 650 2846 spem
668 2784 769 2841 eveniat,
787 2798 858 2831 omne
874 2783 899 2830 id
917 2784 1032 2845 deputare
1051 2800 1103 2833 esse
