2634 3367
476 340 544 390 ΗΒ.
563 341 601 391 ῙΙ.
629 341 703 390 CAP.
722 342 744 399 5,
756 342 777 390 d.
994 344 1025 392 57

227 450 273 522 jue
294 453 480 521 argumentum,
501 451 565 506 nihil
585 470 639 506 eam
663 451 790 522 prodesse,
809 470 883 523 quam
904 451 1026 523 quosdam

230 527 361 598 perfectos
373 526 535 598 philosophos
547 529 658 598 turpiter
669 529 773 583 vivere?
797 530 835 581 M.
849 528 955 583 Nullum
967 545 1025 585 vero

230 603 259 658 id
270 602 374 674 quidem
391 606 569 674 argumentum
585 610 633 658 est.
671 604 739 658 Nam
756 608 786 658 ιιι
804 605 858 674 agri
875 622 926 659 non
940 624 1026 662 omnes

231 679 351 751 frugiferi
362 684 431 743 aunt,
444 679 489 748 qni
500 678 626 747 odiuntur,
639 680 781 750 salsumque
792 680 855 735 illud
868 681 949 735 Attii:

320 762 402 808 Probae
412 762 457 809 etsi
466 763 492 807 ln
501 769 607 821 segetem
617 764 675 811 είιιιι
685 764 822 810 deteriorem
832 765 893 810 data

319 827 407 886 fruges,
415 831 495 873 ιιιιιειι
505 829 559 887 ipen
568 828 651 887 eutpte
660 834 744 874 natura
756 829 846 875 enitent
855 844 862 877 ι

232 901 269 956 aio
285 900 365 954 animi
380 917 432 954 non
447 917 535 955 omnes
552 900 615 956 eulti
632 901 744 955 frontum
761 903 855 956 ferunt.
892 903 985 973 Atque,
999 906 1029 956 ιιι

232 977 259 1031 in
276 976 368 1031 eodem
385 975 461 1031 simili
478 994 571 1041 verser,
591 981 621 1032 ιιι
638 994 708 1047 ager,
726 977 839 1047 quamvis
857 978 956 1042 fertilia,
974 979 1029 1033 eine

232 1052 336 1107 cultura
351 1051 500 1107 fructuosus
518 1070 575 1107 ease
592 1071 644 1108 non
662 1058 764 1124 potest:
789 1053 825 1108 sie
843 1054 897 1108 sine
914 1053 1030 1108 doctrina

233 1130 342 1183 animus.
379 1130 422 1183 Ita
437 1132 477 1184 eet
493 1119 601 1200 irtraque
615 1148 656 1184 ree
673 1130 727 1184 eine
744 1129 824 1183 altera
837 1128 934 1184 debilia.
971 1131 1029 1185 Oul-

233 1213 294 1259 tura
311 1208 398 1260 autem
415 1205 492 1259 animi
512 1205 670 1276 philosophia
688 1209 744 1260 est:
768 1205 822 1259 hae
839 1205 950 1260 extrahit
968 1206 1030 1261 vitia

233 1280 365 1348 radicitus,
389 1284 416 1335 et
443 1286 568 1352 preparat
592 1282 688 1336 animos
712 1280 745 1336 ad
768 1285 839 1336 satus
863 1282 1043 1352 reeipiendor„

234 1374 315 1427 eaque
332 1356 437 1412 mandat
454 1358 502 1424 hie,
520 1362 554 1422 et,
573 1362 603 1413 ut
620 1358 658 1413 ita
679 1357 768 1425 dicam,
787 1359 856 1424 serit,
870 1376 926 1429 quae
944 1357 1030 1412 adulta

234 1433 336 1488 fruetus
353 1433 493 1488 uberrimos
504 1434 596 1489 ferant.
632 1436 746 1505 Agamus
760 1434 846 1506 igitur,
860 1440 890 1490 ιιι
901 1436 1029 1506 eoepimua

234 1509 292 1574 Die,
306 1510 329 1564 si
341 1510 387 1573 via,
400 1509 432 1564 de
444 1528 495 1579 quo
507 1510 632 1581 disputari
644 1511 714 1565 velis.

268 1586 303 1638 A.
323 1586 445 1641 Dolorem
468 1586 585 1640 eristirno
609 1588 746 1643 maximum
765 1588 887 1643 maloram
908 1590 1065 1644 omniumll

235 1662 272 1715 M.
284 1661 405 1716 Etiamne
421 1662 510 1733 majus,
524 1681 600 1733 quam
617 1663 746 1720 dedeeual
782 1666 814 1718 A.
830 1665 891 1720 Non
907 1666 987 1720 audeo
1003 1666 1029 1720 id

235 1738 320 1793 dicere
333 1737 442 1808 quidem,
455 1743 482 1792 et
498 1756 539 1793 me
554 1738 634 1809 pudet
645 1745 697 1794 tam
715 1741 767 1795 eito
783 1740 815 1795 de
831 1743 958 1796 sententia
973 1760 1029 1795 esse

235 1814 371 1886 dejectum.
406 1814 446 1868 M.
464 1814 551 1885 Magia
568 1819 636 1870 esset
654 1815 808 1887 pudendum,
821 1817 843 1871 si
858 1817 885 1871 in
903 1818 1029 1871 sententia

234 1908 404 1961 permaneres.
440 1890 510 1949 Quid
526 1890 593 1946 enim
609 1892 693 1947 minus
709 1896 749 1947 est
764 1892 875 1961 dignum,
889 1910 964 1960 quam
981 1891 1028 1947 tihi

234 1967 309 2038 pejus
327 1965 464 2037 quidquam
481 1966 561 2022 videri
578 1967 708 2032 dedeoore,
727 1968 831 2037 flagitio,
850 1967 1028 2037 turpitudine?

236 2044 303 2101 Quae
314 2044 346 2096 at
357 2042 471 2113 effugias,
481 2043 538 2115 quia
549 2047 590 2098 εει
601 2061 653 2097 non
664 2043 738 2097 modo
750 2060 802 2097 non
813 2042 973 2105 recusandus,
984 2043 1029 2097 sed

234 2136 288 2173 non
306 2118 376 2173 nltro
396 2117 561 2189 appetendus,
581 2118 736 2185 subeundus,
757 2117 918 2188 excipiendus
937 2118 1027 2182 dolori

235 2197 269 2248 A.
284 2196 328 2249 Ita
343 2212 446 2264 proreua
463 2195 589 2249 existimo.
626 2195 710 2259 Quare
727 2212 760 2248 ne
777 2194 811 2248 sit
826 2212 887 2249 sane
903 2212 1028 2249 summum

235 2270 332 2325 malum
351 2269 437 2326 dolor:
461 2271 554 2325 malum
575 2273 644 2325 oerte
665 2274 713 2325 est.
752 2271 790 2325 M„
808 2271 920 2327 Videsne
940 2272 1026 2344 igitur,

235 2352 370 2418 qnantum,
387 2346 498 2402 breviter
515 2346 667 2412 admonitus,
686 2346 717 2401 de
734 2347 827 2403 doloris
844 2352 942 2404 terrore
959 2348 1028 2419 deje-
1111 2414 1113 2417 Α

235 2424 323 2479 eerisl
358 2423 390 2477 A.
403 2422 486 2477 Video
506 2422 594 2493 plane:
622 2423 668 2477 aed
685 2424 742 2494 plue
760 2424 882 2480 desidero.
919 2426 958 2481 Μ.
977 2427 1028 2481 Ex·
1039 2436 1066 2482 le

235 2500 321 2570 periar
342 2500 472 2570 equidem:
497 2499 542 2554 sed
561 2503 713 2570 magnares
735 2505 790 2567 est;
815 2502 948 2574 animoque
967 2503 1028 2556 mihi

235 2594 303 2647 opua
315 2579 355 2630 est
371 2594 422 2630 non
433 2579 599 2646 repugnante.
634 2576 667 2628 A.
682 2575 794 2632 Habebis
806 2577 833 2631 id
845 2578 953 2647 quidem.
990 2578 1029 2631 Ut

235 2655 307 2711 enim
324 2652 378 2707 heri
396 2652 452 2717 feei,
468 2652 505 2707 sie
521 2669 589 2706 nune
606 2652 801 2724 rationemque
818 2670 848 2707 ea
865 2671 905 2707 me
921 2670 1029 2720 eumque

236 2732 324 2793 ducet,
338 2746 437 2800 sequar.

272 2806 322 2860 VI.
339 2805 378 2858 M.
390 2805 504 2861 Primum
521 2805 603 2880 igitur
614 2805 649 2864 de
665 2805 848 2865 imheeillitate
860 2803 1012 2859 multorum
1025 2802 1058 2848 ει

226 2884 260 2935 de
285 2881 361 2935 rade
382 2881 528 2955 disciplinis
554 2887 785 2964 philosophorum
804 2885 929 2956 leonata
959 2884 1084 2940 *amm
