2634 3367
310 333 356 384 lao
448 334 965 383 nuscanummsrurnnlonum

307 438 509 515 perturbationes
528 447 612 498 auteur
630 448 770 509 moventes,
789 449 889 499 utnon
908 444 1009 515 possint
1029 445 1100 500 adeo
1140 447 1144 483 l

307 521 404 575 tionum
429 521 585 574 manentium
609 525 695 589 partes
719 538 783 575 esse.
819 522 906 590 Atque
929 522 1010 575 utin
1030 522 1099 576 malis

308 596 411 666 attingit
424 596 500 650 animi
517 599 634 649 naturam
647 597 760 666 eorporis
772 595 919 663 similitudo,
931 596 1009 651 sicin
1021 597 1099 652 bouis.

308 672 374 725 Sunt
386 671 453 725 enim
464 672 492 725 in
504 689 608 742 corpore
621 672 748 742 praecipua
764 671 933 742 pulchritudo,
947 673 1023 738 vires,
1036 673 1100 728 vale·

307 746 378 814 tudo,
390 748 502 812 firmitas,
516 748 636 803 velocitas
643 770 651 815 3
670 752 731 802 sunt
743 749 804 802 item
816 748 844 801 iu
855 750 948 802 animo.
983 750 1024 803 Ut
1034 750 1100 804 euim

307 823 418 892 corporis
442 825 599 894 temperatio,
622 844 700 895 quum
724 842 755 879 ea
776 829 921 895 congruunt
943 825 1013 880 inter
1034 843 1100 891 sae

307 899 398 969 quibus
410 907 562 965 constamus,
575 901 685 955 sanitas:
705 901 741 955 sic
753 901 828 954 animi
841 899 942 967 dicitnr,
954 919 1035 971 quum
1047 902 1100 972 ejus

303 975 400 1043 judicia
411 976 591 1047 opinionesque
600 975 761 1040 concordant,
772 994 851 1045 eaque
861 975 938 1030 animi
952 982 993 1030 est
1002 977 1099 1031 virtus:

307 1068 381 1120 qnam
400 1051 442 1106 alii
459 1052 538 1123 ipsam
556 1052 749 1121 temperantiam
764 1051 853 1106 dicunt
869 1069 932 1117 esse,
945 1051 988 1105 alii
1003 1053 1099 1108 obtem·

307 1132 436 1198 parantem
448 1129 621 1200 temperantiae
633 1127 775 1198 praeceptis,
787 1133 814 1182 et
826 1145 881 1181 eam
893 1127 1099 1198 subsequentem,

306 1221 353 1259 uec
369 1204 503 1260 habentem
520 1206 595 1260 ullam
613 1204 722 1274 speciem
741 1221 827 1257 suam:
847 1201 892 1256 sed
907 1204 962 1257 sive
977 1203 1036 1269 hoc,
1049 1205 1099 1260 sive

307 1280 370 1336 illud
390 1282 431 1348 sit,
450 1281 477 1336 in
498 1282 551 1337 solo
572 1298 628 1336 esse
648 1279 771 1350 sapiente.
807 1279 856 1332 Est
877 1282 962 1332 autem
984 1280 1098 1350 quaedam

308 1358 384 1412 animi
403 1359 505 1421 sanitas,
524 1376 580 1427 quar
600 1358 627 1411 in
644 1355 806 1425 insipientem
822 1353 898 1408 etiam
917 1354 1000 1420 eadat,
1021 1374 1098 1426 quum

269 1442 296 1488 31
308 1434 437 1487 curatione
450 1433 601 1487 medicorum
616 1431 730 1487 turbatio
746 1431 838 1485 mentis
854 1430 977 1485 aufertur.
1012 1432 1057 1497 Et,
1070 1435 1098 1486 ut

307 1509 418 1577 semoris
431 1513 470 1562 est
479 1508 592 1579 quaedam
605 1513 665 1577 apta
673 1508 753 1578 figam
763 1506 929 1561 membrorum
939 1523 997 1561 oum
1008 1508 1098 1563 coloris

307 1582 414 1653 quadam
432 1584 564 1647 suavitate,
583 1601 613 1637 ea
630 1601 686 1653 qua
704 1581 797 1637 dicitnr
814 1580 992 1651 pulchritudo:
1017 1583 1057 1639 sie
1072 1584 1098 1638 iu
1140 1569 1144 1626 l

308 1658 391 1712 animo
414 1658 557 1728 opinionum
581 1657 784 1728 judiciorumque
807 1655 964 1727 aequabilitas
987 1662 1015 1711 et
1040 1677 1097 1714 oon·

307 1734 402 1789 stantia
421 1752 477 1788 cum
499 1734 618 1788 firmitate
638 1733 747 1802 quadam
768 1737 794 1787 et
814 1731 953 1787 stabilitate
974 1733 1098 1790 virtutem
1142 1743 1144 1792 t

307 1808 463 1880 subsequens
481 1813 525 1862 aut
543 1809 645 1863 virtutis
663 1811 714 1864 rim
734 1809 813 1879 ipsam
835 1808 967 1863 continens
987 1810 1098 1879 pulchri·

306 1887 369 1941 tudo
387 1890 500 1941 vocatur.
537 1887 653 1956 Itemque
673 1886 769 1941 viribus
788 1885 899 1955 corporis
920 1887 947 1939 et
968 1888 1054 1941 nervis
1071 1890 1098 1942 et

307 1963 448 2017 efficacitati
466 1961 559 2017 similes
577 1961 700 2016 similibus
718 1979 818 2032 quoque
835 1960 919 2015 ver-bis
936 1960 1016 2017 animi
1032 1962 1097 2018 vires

306 2040 477 2093 nominantur.
512 2037 640 2093 Velocitas
657 2041 742 2091 autem
758 2036 869 2105 corporis
882 2036 997 2092 celeritas
1014 2038 1098 2110 appel·

305 2115 389 2169 latur:
410 2133 466 2185 quae
484 2113 570 2168 eadem
590 2113 685 2185 ingenii
703 2112 777 2167 etiam
796 2111 851 2165 laus
868 2111 977 2167 habetur
992 2119 1099 2185 propter

306 2190 383 2244 animi
394 2190 530 2243 multarum
543 2207 627 2243 rerum
639 2188 710 2243 brevi
721 2192 835 2257 tempore
847 2188 1044 2257 percursionem.

341 2266 415 2319 XIV.
434 2264 501 2319 lllud
520 2266 658 2318 animorum
678 2260 860 2333 corporumque
880 2263 1008 2329 dissimile,
1028 2265 1098 2335 quod

306 2340 382 2395 animi
394 2340 505 2394 valentes
518 2339 605 2393 morbo
617 2341 711 2393 tentari
727 2358 778 2393 non
793 2342 907 2409 possunt,
921 2357 1028 2409 corpora
1039 2359 1098 2411 pos·

305 2420 366 2470 sunt
373 2435 381 2481 3
409 2412 453 2469 scd
477 2432 609 2484 corporum
633 2414 784 2469 offensiones
808 2415 862 2469 sine
885 2415 959 2485 culpa
982 2415 1098 2472 accidere

292 2493 420 2562 possunt,
433 2490 572 2543 animorum
585 2507 636 2543 non
649 2490 726 2544 item:
745 2508 853 2560 quorum
868 2507 955 2544 omnes
972 2491 1055 2547 morbi
1070 2496 1097 2547 et

305 2565 507 2637 perturbationes
517 2583 548 2619 ex
557 2566 731 2635 aspernatione
741 2566 844 2620 rationis
854 2566 982 2620 eveniunt.
1003 2566 1097 2639 Itaque

305 2643 332 2697 in
343 2640 485 2696 hominibus
498 2642 579 2695 solum
591 2642 733 2696 exsistunt:
752 2660 810 2695 narn
826 2642 913 2696 bestiae
930 2641 1012 2696 simile
1024 2642 1097 2713 quid-

268 2728 298 2772 32
307 2719 363 2774 dam
377 2718 480 2781 faciunt,
493 2717 576 2772 sedin
588 2717 790 2788 perturbationes
802 2736 854 2772 non
865 2716 987 2771 incidunt.
1024 2719 1097 2771 Inter

300 2799 392 2851 acutos
404 2797 490 2849 autem
507 2799 533 2849 et
545 2794 648 2849 hebetes
665 2794 779 2858 interest,
793 2793 861 2862 quod
873 2792 1005 2861 ingeniosi,
1020 2797 1050 2847 nt
1062 2809 1096 2847 ses

291 2872 462 2931 Corinthium
479 2874 509 2932 in
520 2873 673 2947 eruginem,
683 2871 721 2926 sic
734 2869 937 2923 ilhinmorbum
945 2868 1095 2921 etinuiduut
