2634 3367
485 353 552 401 LIB.
566 352 617 402 Ill.
636 353 710 401 cAP.
725 354 761 409 lo,
775 355 812 401 20.
998 354 1043 401 101

244 462 396 516 Praeclamm
417 464 535 516 carmen!
571 461 619 516 mc
637 461 704 516 enim
722 463 748 515 et
767 459 843 515 rebus
863 468 888 514 et
906 460 991 515 verbis
1010 467 1075 516 eico

244 538 327 591 modis
350 537 464 607 lugubre.
503 537 647 607 Eripiamus
671 537 730 591 huic
754 534 937 606 egritudinem⁴
977 536 1037 595 Quo

243 613 339 668 modo?
369 612 527 667 Colloccmus
546 613 574 667 in
593 613 686 667 culcita
706 613 821 682 plumea;
845 612 974 683 psaltriam
994 611 1037 665 ad·

244 689 381 743 ducamus:
411 688 565 757 hedychmm
589 688 768 743 incendamus:
794 688 882 743 demus
906 687 1037 742 scutellam

244 764 375 819 dulcicula
398 765 523 834 potionis3
550 763 645 833 aliquid
667 763 796 818 videamus
820 766 847 818 et
872 763 929 818 cibi.
973 764 1038 818 Haec

243 840 345 894 tandem
364 839 431 894 bona
447 844 516 904 sunt,
534 840 625 911 quibua
643 838 807 909 egritudines
825 839 979 909 grameaima
995 839 1037 893 de·

243 916 397 970 trahantur?
433 915 473 969 'ln
491 916 556 969 euim
574 915 658 985 paullo
671 918 729 969 ante
741 932 774 969 ne
789 914 929 984 intelligere
944 919 972 969 te
984 915 1037 985 qni·

244 991 302 1045 dem
318 991 367 1045 alia
382 991 434 1045 nlla
445 991 553 1045 dicebas.
590 990 715 1045 Revocari
726 990 807 1059 igitur
818 996 934 1060 oportere
950 1008 966 1045 a
980 1009 1037 1045 rna·

243 1085 302 1121 rore
318 1066 350 1120 ed
366 1067 546 1137 cogitationem
562 1066 693 1120 bonorum.
729 1065 884 1120 Conveniret
900 1066 962 1121 mihi
979 1084 1037 1121 curn

244 1142 363 1213 Epicuro,
377 1142 406 1206 ai,
419 1142 480 1213 quid
492 1146 560 1196 esset
572 1141 674 1206 bonum,
688 1141 841 1196 conveniret.

280 1218 339 1271 XX.
359 1218 435 1272 Dicet
447 1218 551 1288 aliquis:
571 1216 641 1277 Quid
653 1218 734 1287 ergo?
770 1217 810 1271 'l'u
821 1215 960 1286 Epicurum
972 1216 1037 1271 exia-

245 1294 320 1347 timae
344 1294 394 1347 iata
416 1294 533 1358 voluisse,
559 1296 604 1347 aut
628 1291 774 1347 libidinosae
798 1292 853 1362 ejus
878 1291 957 1346 fuisse
980 1309 1037 1346 een-

245 1370 359 1424 tentiae?
389 1370 446 1439 Ego
464 1387 524 1424 vero
543 1368 653 1423 minime.
690 1368 771 1423 Video
792 1368 860 1423 enirn
878 1367 910 1423 ab
933 1385 964 1423 eo
987 1366 1037 1423 dici

245 1446 327 1499 multa
347 1463 440 1509 severe,
459 1445 540 1499 multa
560 1444 686 1514 praeclaro,
722 1444 821 1515 Itaque,
840 1447 870 1498 ut
891 1462 957 1514 atepc
977 1443 1036 1511 dixi,

246 1519 278 1574 de
301 1521 415 1575 acumine
438 1522 523 1591 agitur
546 1523 609 1588 ejus,
633 1538 685 1575 non
708 1520 739 1575 de
762 1519 893 1586 moribue3
923 1521 1037 1591 quamvis

246 1601 349 1665 spernat
361 1596 503 1666 voluptates
516 1614 566 1659 eae,
579 1614 642 1666 quas
658 1595 731 1650 modo
747 1595 873 1651 laudavit:
892 1613 939 1666 ego
951 1602 1036 1650 tamen

246 1673 390 1736 meminero,
412 1672 480 1743 quod
503 1672 619 1726 videatur
641 1671 666 1726 ei
689 1690 815 1726 summum
838 1671 940 1727 bouum
975 1672 1037 1727 Non

245 1748 314 1801 enim
334 1747 410 1802 verbo
431 1748 512 1802 solum
532 1748 618 1818 posuit
635 1747 799 1818 voluptatem,
819 1746 865 1802 aed
885 1748 1036 1817 explanavit,

246 1823 307 1894 quid
319 1823 422 1877 diceret.
447 1824 578 1893 Saporem
588 1823 679 1893 inquit,
688 1833 710 1876 et
721 1841 858 1893 corporum
869 1824 1036 1893 complaceam,

244 1909 268 1953 et
279 1900 436 1969 ledeamque
443 1908 543 1963 cernue,
552 1909 576 1953 et
577 1903 681 1969 formae
688 1917 737 1957 eae,
747 1898 839 1968 quibua
848 1899 915 1951 oculi
920 1899 1038 1966 jucunde

246 1984 405 2028 menecratum
433 1974 504 2028 Num
517 1974 604 2045 fingo?
621 1993 684 2030 num
696 1973 823 2027 mentior?
856 1972 1036 2042 Cupiorefelli.

246 2049 318 2109 Quid
338 2050 405 2104 enirn
426 2050 520 2115 laboro,
539 2049 589 2105 niei
605 2053 636 2105 ut
653 2049 747 2104 veritas
767 2048 795 2103 in
814 2047 882 2103 omni
900 2048 1037 2118 questione

246 2126 405 2195 explicetur?
435 2129 471 2181 At
480 2126 553 2198 videm
571 2127 615 2193 alt,
626 2144 679 2180 non
696 2141 808 2179 crescere
820 2123 975 2194 voluptatem
993 2124 1038 2179 do-

245 2201 299 2255 lore
322 2201 436 2256 detracto
443 2224 451 2269 3
481 2219 656 2272 summamque
679 2200 836 2270 voluptatem
860 2199 923 2254 nihil
946 2200 1037 2256 dolere.

245 2276 340 2331 Paucis
353 2277 435 2332 verbis
453 2272 503 2332 tria
520 2295 612 2348 magna
628 2280 746 2347 peccate:
767 2294 854 2341 unum
867 2275 935 2346 quod
952 2285 1074 2336 secuml?

244 2354 299 2422 ipse
311 2358 417 2423 pugnat.
452 2353 532 2407 Modo
544 2354 618 2418 enim,
631 2372 664 2407 ne
676 2353 798 2423 suspicari
810 2352 911 2424 quidem
927 2371 954 2407 oe
966 2354 1037 2425 quid·

245 2426 320 2499 quam
337 2428 439 2493 bonum,
454 2429 504 2484 nisi
521 2448 611 2484 sensus
627 2430 700 2501 quasi
715 2429 879 2484 titillarentur
889 2429 1035 2499 voluptate:

244 2522 313 2559 nuuc
330 2509 424 2570 autem,
441 2523 565 2558 summam
581 2505 740 2575 voluptatem
756 2523 820 2570 ense,
839 2505 925 2560 dolore
943 2524 1035 2561 carere.

243 2580 368 2635 Potestne
388 2581 468 2650 magis
488 2598 574 2635 secum
597 2581 651 2650 ipse
674 2582 806 2651 pugnare?
842 2581 959 2635 Alterum
979 2600 1037 2651 pec·

243 2661 338 2721 catum,
352 2656 427 2727 quod,
440 2675 518 2726 quum
530 2658 557 2711 iu
569 2661 660 2711 natura
672 2657 721 2711 tria
732 2657 799 2711 sint:
817 2675 896 2710 unum
911 2656 1034 2725 gaudere;

243 2732 353 2787 alterum
370 2731 469 2797 dolere;
493 2734 596 2787 tertium
618 2750 665 2786 nac
682 2732 792 2803 gaudere
808 2749 855 2785 nec
872 2731 971 2785 dolere:
995 2732 1039 2783 lr'm

219 2859 222 2863 ,
243 2808 353 2877 primum
372 2810 398 2860 et
416 2807 521 2862 tertium
542 2811 618 2880 putat
637 2807 710 2864 ilem
729 2826 799 2873 enee,
811 2823 868 2861 neu
881 2802 1029 2867 &summ
1042 2817 1067 2847 Q

234 2900 287 2935 non
299 2882 408 2938 dolendo
421 2884 593 2959 uoluptatem.
631 2888 761 2946 'lert’rum
774 2887 927 2957 peccatam
939 2880 1092 2927 mmm*
