2634 3367
277 336 323 385 164
413 335 607 384 TUSCULAN.
625 331 924 381 DISPUTATIONUM

274 444 375 499 beatam
386 445 465 499 vitam
476 462 527 499 nou
543 444 686 500 escendere.
721 444 783 500 Non
798 462 907 514 usquam
922 445 949 499 id
962 445 1060 515 quidem

234 530 266 577 25
276 519 337 575 dicit
357 521 473 575 omnino:
501 520 553 587 sed,
572 539 629 591 quie
648 520 717 587 dicit,
738 520 805 575 idem
821 520 914 576 valent.
954 521 1061 577 Possum

274 597 360 667 igitur,
372 596 414 649 cui
431 597 604 660 concesserim,
618 596 644 650 iu
662 596 733 650 malis
751 614 807 651 esse
823 595 924 651 dolores
942 598 1060 667 corporis,

273 671 301 725 in
312 670 384 724 malis
396 671 527 741 naufragia
538 671 654 736 fortune,
667 672 726 726 huic
738 690 885 727 succensere
898 671 1001 737 dicenti,
1014 690 1063 727 non

274 765 361 802 omnes
372 746 452 802 bonos
464 767 519 803 esse
530 748 626 814 beatos,
639 767 717 819 quum
729 749 757 803 iu
768 767 854 804 omnes
866 748 946 803 bonos
958 767 997 816 ea,
1010 766 1063 819 quae

275 823 317 877 ille
333 822 361 877 iu
377 823 449 878 malis
466 830 591 891 numerat,
603 823 692 879 cadere
710 824 827 893 possint?
862 824 983 878 Vexatur
998 824 1063 879 idem

274 898 464 967 Theophrastus
474 906 500 954 et
509 900 578 955 libris
588 904 614 955 et
626 899 719 954 scholis
728 900 839 954 omnium
849 900 1062 970 philosophorum,

275 973 344 1045 quod
354 974 382 1028 in
394 975 548 1030 Callisthene
559 993 606 1029 suo
616 974 726 1030 laudarit
737 976 805 1030 illem
816 976 978 1044 sententiam,

403 1083 484 1131 Vitem
496 1084 557 1145 regit
567 1080 669 1141 fortrina,
682 1098 730 1131 uon
741 1084 862 1146 sapientia.

275 1180 380 1252 Negant
398 1182 430 1236 ab
445 1181 497 1236 ullo
513 1181 661 1251 philosopho
674 1180 809 1253 quidquam
823 1180 920 1236 dictum
938 1199 995 1236 esse
1012 1180 1061 1235 lan·

275 1258 385 1329 gnidius.
421 1258 503 1313 Recte
526 1257 553 1312 id
576 1258 691 1329 quidem:
722 1258 767 1312 sed
790 1257 853 1311 nihil
875 1258 992 1329 intelligo
1015 1256 1062 1311 dioi

275 1335 389 1403 potuisse
400 1333 565 1389 constantius.
592 1334 619 1388 Si
630 1334 697 1389 enim
709 1338 749 1388 tot
761 1333 862 1387 suntin
873 1350 979 1403 corpore
991 1333 1061 1395 bona,

275 1414 316 1463 tot
336 1414 409 1464 extra
426 1428 518 1477 corpus
538 1409 565 1464 iu
585 1427 645 1464 casu
664 1414 740 1479 atque
757 1409 876 1464 fortune:
899 1427 985 1464 nonne
1005 1426 1061 1464 oon·

275 1488 424 1539 sentaneum
441 1489 488 1550 est,
506 1485 564 1555 plus
581 1485 717 1552 fortunam,
730 1503 785 1556 quae
806 1484 907 1539 domina
924 1503 1010 1539 rerum
1030 1484 1061 1539 sit

275 1563 302 1614 et
320 1565 480 1614 externarum
498 1565 525 1615 ct
542 1559 575 1615 ad
592 1578 683 1631 corpus
703 1560 890 1631 pertinentium,
910 1578 987 1631 quam
1006 1578 1061 1616 oon·

236 1635 367 1701 26sihum,
383 1635 485 1689 valeret
520 1637 563 1689 An
582 1636 706 1691 malumus
724 1636 863 1705 Epicurum
880 1637 996 1691 imitari?
1021 1636 1062 1708 qui

275 1710 356 1766 multa
371 1710 488 1780 praeolure
505 1729 570 1780 sepe
583 1710 659 1767 dicit:
680 1731 754 1783 quam
770 1712 836 1767 enim
852 1711 901 1766 sihi
917 1717 1063 1767 constanter

275 1787 502 1856 convenienterque
526 1787 600 1852 dieat,
623 1806 675 1842 non
695 1788 799 1843 laborat.
835 1787 937 1843 Laudat
960 1793 1061 1844 tenuem

275 1864 380 1918 victum.
415 1863 562 1934 Philosophi
582 1864 608 1918 id
629 1864 747 1935 quidem:
773 1864 818 1919 sed
838 1864 861 1917 si
882 1864 1000 1920 Socrates
1019 1867 1062 1920 aut

275 1939 441 1995 Antisthenes
459 1939 560 2005 diceret,
574 1958 626 1995 non
644 1942 674 2005 is,
686 1942 730 2012 qui
745 1941 819 1995 finem
837 1940 961 1995 bonorum
978 1942 1061 2011 volup

275 2018 356 2070 tatem
373 2034 429 2071 csse
446 2015 546 2071 dixerit.
582 2017 677 2087 Negat,
694 2034 844 2087 quemquam
860 2016 974 2085 jucunde
990 2034 1061 2087 posse

275 2091 368 2160 vivere,
391 2093 441 2147 uisi
464 2092 531 2147 idem
555 2092 669 2157 honeste,
694 2093 820 2162 sapienter
839 2095 962 2163 justeque
987 2094 1062 2148 vivet.

275 2166 349 2221 Nihil
363 2170 472 2239 gramm,
484 2169 547 2223 nihil
565 2168 722 2239 philosophia
734 2168 833 2238 dignius
841 2190 849 2233 ;
868 2168 917 2221 nisi
931 2168 1000 2224 idem
1015 2170 1062 2223 hoo

276 2242 366 2311 ipsum,
378 2243 490 2310 honeste,
503 2245 637 2314 sapienter,
647 2246 724 2313 juste,
735 2244 767 2299 ad
778 2243 934 2314 voluptatem
946 2245 1061 2300 referret.

276 2323 347 2383 Quid
364 2326 459 2390 melius,
479 2345 552 2395 quam
573 2327 701 2382 fortunam
719 2328 834 2398 exiguam
851 2326 1008 2383 intervenire
1025 2346 1064 2383 sa·

275 2400 373 2469 pientii
392 2400 436 2454 sed
448 2400 495 2455 hoo
506 2402 561 2456 isne
574 2402 643 2470 dicit,
652 2404 704 2473 qui,
713 2423 788 2473 quum
802 2402 912 2457 dolorem
924 2421 978 2458 uon
989 2404 1064 2460 modo

275 2475 411 2530 maximum
427 2477 527 2541 melum,
541 2477 586 2531 sed
602 2478 683 2532 solum
699 2480 792 2532 malum
803 2479 879 2533 etiam
891 2479 996 2548 dixerit,
1008 2485 1063 2536 toto

276 2568 379 2621 corpore
394 2552 501 2623 opprimi
518 2553 599 2621 possit
618 2553 744 2608 doloribus
762 2555 889 2609 acerrimis
907 2562 971 2620 tum,
986 2575 1064 2628 quum

235 2628 382 2688 {rmaxime
400 2633 488 2683 contra
505 2628 631 2683 fortunam
652 2630 793 2699 glorietur?
829 2629 906 2689 Quod
923 2630 991 2685 idom
1013 2650 1065 2685 me-

274 2704 377 2759 horibus
390 2705 465 2759 etiem
477 2704 561 2760 verbis
572 2705 744 2760 Metrodorus.
780 2707 916 2777 occupavi,
929 2706 1021 2776 inquit,
1034 2717 1063 2772 te,

249 2785 382 2851 smum
397 2793 475 2858 atquc
492 2784 548 2858 cepi
555 2800 568 2851 ;
594 2800 726 2855 omnesque
742 2783 829 2835 oditur
847 2792 904 2835 tuos
920 2783 1063 2848 interclusi,

251 2868 286 2914 ut
304 2862 348 2919 ad
364 2882 412 2923 me
430 2865 560 2940 aspirare
583 2880 640 2920 core
660 2877 754 2933 posses.
783 2855 923 2916 Yroeolsre,
939 2857 967 2906 si
988 2858 1068 2907 hirsus
