2634 3367
424 356 471 406 190
561 350 1064 405 ruchLAN.n1seunAn10Nue

423 464 534 521 animum
552 464 579 519 et
596 464 747 534 praesentem
764 461 892 534 percipere
909 461 1006 534 pse-iter
1024 479 1064 519 om

423 544 451 596 et
471 539 614 611 prospicere
632 539 784 605 venientem,
802 556 850 595 uec
869 538 1027 608 preteritum
1046 556 1064 610 p

424 615 514 671 sinere.
549 614 593 670 Itu
612 618 748 685 perpetues
766 617 794 671 et
813 616 946 671 contextus
966 612 1064 686 volupe

423 691 510 762 pionte
526 690 581 746 iore
598 708 697 761 semper
715 708 802 762 quum,
818 688 976 760 exspectatio
995 706 1064 760 spere

423 768 780 837 luptetnm-perceptsrum
796 764 917 821 memorie
932 764 1064 836 jungerett

423 842 464 897 bis
484 841 576 897 similia
593 840 626 896 ed
645 842 741 897 victum
762 842 839 896 etism
859 840 1060 909 transferuntur,

424 921 517 989 tueque
532 917 721 989 magnificentie
736 920 763 973 et
779 918 896 988 sumptus
908 915 1064 986 epulorum„

424 991 497 1049 cultu
507 994 601 1047 netnrs
611 994 732 1049 contente
743 991 785 1047 sit.

387 1076 418 1129 97
460 1068 582 1124 XXXIV.
599 1068 703 1124 Etenim
719 1068 777 1138 quis
794 1068 843 1123 hoc
860 1084 912 1123 non
926 1066 1004 1132 videt,
1019 1066 1064 1123 des

425 1142 636 1201 condiriomnist
671 1142 977 1214 Dunusmfuguquum
988 1160 1064 1213 squar

425 1222 453 1275 et
465 1220 627 1275 cadaveribus
643 1219 800 1291 inquinatum
817 1218 930 1283 bibisset,
944 1218 1064 1290 negavit<

426 1294 520 1351 bibisse
532 1294 679 1366 jucundius.
714 1292 862 1365 Numquam
873 1293 992 1350 videlicet
1008 1294 1064 1349 sitis

426 1371 483 1426 Neo
499 1372 613 1427 esuriens
629 1369 782 1429 Ptolomeus
799 1369 902 1436 cderet;
920 1370 962 1425 cui
978 1388 1059 1441 quum

426 1446 576 1516 Aegyptum,
595 1445 729 1501 comitibus
747 1462 799 1500 non
815 1446 966 1514 subsecutis,
983 1444 1064 1501 cibari

426 1520 499 1589 penis
515 1519 591 1576 dotus
607 1527 683 1585 esset,
699 1520 762 1576 nihil
778 1520 860 1576 visum
879 1523 919 1575 est
935 1520 978 1575 ilio
994 1538 1060 1592 pune

428 1594 557 1649 &motem
573 1595 667 1659 iemnt,
684 1614 761 1667 quum
778 1613 860 1667 usque
876 1594 908 1650 sd
923 1613 1058 1666 vesperum

426 1670 573 1737 ambularet,
589 1672 775 1743 quesitumque
792 1675 860 1727 esset
878 1690 910 1727 ex
927 1689 965 1736 eo,
979 1690 1057 1743 quere

426 1744 592 1817 respondisse,
614 1763 649 1811 se,
672 1763 722 1817 quo
742 1747 832 1802 melius
851 1751 968 1812 cenaret,
988 1764 1064 1818 opson

389 1822 501 1880 velando
512 1822 604 1877 iumen.
640 1821 730 1882 Quid?
748 1824 844 1878 victum
856 1823 1064 1879 Lecedeemonior

426 1900 488 1955 litiis
503 1917 587 1955 nonne
598 1897 735 1954 videmus?
770 1899 824 1954 Ubi
838 1917 915 1969 quum
931 1903 1055 1970 tyrannus

427 1975 573 2047 Dionysius,
584 1975 688 2047 negavit
704 1993 732 2029 se
744 1977 804 2044 jure
821 1975 864 2031 illc
880 1975 961 2045 nigro,
974 1975 1064 2043 quod<

427 2055 489 2115 erut,
511 2051 673 2107 delectatum.
708 2051 773 2105 'lum
796 2051 826 2117 is,
848 2052 891 2121 qui
911 2050 954 2105 ills
974 2068 1065 2105 coxere

427 2126 527 2190 mirum,
540 2126 700 2183 condimenta
715 2127 782 2181 enim
798 2125 940 2180 defuerunt.
977 2126 1041 2190 Quae
1057 2128 1064 2179 t

428 2201 484 2270 quit
495 2201 557 2257 illst
591 2203 678 2259 Labor
689 2202 717 2257 in
727 2205 828 2268 senatu,
841 2201 925 2268 sudor,
937 2218 1027 2255 cursus
1040 2200 1064 2255 ae'

428 2275 515 2340 tumes,
531 2277 595 2332 sitis.
630 2278 681 2332 His
698 2278 765 2333 enim
780 2278 855 2332 rebus
872 2276 1064 2332 Lucedaemonio

429 2348 596 2405 condiuntur:
615 2356 693 2422 etque
710 2352 759 2408 hoc
776 2370 827 2407 non
845 2370 876 2407 ex
894 2351 1022 2406 hominum
1041 2369 1064 2404 m

429 2422 566 2479 sedetiam
583 2443 618 2480 ex
635 2426 724 2482 bestiis
741 2428 849 2498 intelligi
867 2430 959 2498 potest,
973 2444 1064 2497 quae,u

429 2499 557 2570 objectum
572 2504 620 2565 est,
633 2499 702 2571 quod
717 2502 792 2558 modo
809 2521 824 2558 s
839 2507 931 2557 ustura
946 2520 997 2558 non
1013 2503 1064 2556 site

392 2589 422 2637 99
430 2580 556 2632 contentu
578 2594 630 2631 non
653 2581 770 2647 quierunt
793 2578 909 2649 amplius.
958 2577 1064 2632 Ciuitate

429 2653 561 2718 universe,
580 2669 649 2708 more
669 2652 759 2719 domne,
778 2654 932 2723 percimonia
950 2652 1064 2708 delectan

430 2727 626 2784 Leoedaemoniis
637 2726 722 2800 paullo
734 2732 793 2783 ente
805 2729 923 2784 diximus.
958 2729 1064 2784 Persam

430 2802 525 2872 phoute
533 2805 616 2861 victus
628 2804 778 2877 exponitur;
797 2821 861 2874 quos
872 2807 949 2875 negat
958 2804 990 2859 ed
1002 2822 1064 2874 punc

431 2878 851 2952 quidquempreternesturtium.
887 2880 1056 2950 Quemquam,
