2634 3367
496 334 563 383 nin.
577 333 598 382 1.
626 334 701 381 CAP.
715 334 738 389 7,
749 336 771 380 8.
867 293 871 302 Ι
1015 333 1029 383 7

239 441 346 500 tentum,
366 436 445 489 mirer
462 436 499 489 M.
514 436 630 490 orm.
668 436 699 490 Δ.
720 434 762 489 Ite
779 432 860 505 pinne.
899 432 938 489 M.
952 433 1031 499 Quasi
1043 440 1071 487 14

239 533 291 568 non
308 530 411 567 necesse
426 512 468 579 rit,
481 511 604 583 quidquid
615 512 666 566 isto
685 510 760 566 modo
776 511 932 582 pronunties,
945 510 971 565 id
986 516 1031 563 ant

240 608 295 645 erse
306 600 351 644 aut
362 606 413 643 non
425 606 489 642 esse.
514 590 557 641 An
568 593 599 642 tn
609 587 747 642 dialecticis
759 605 792 641 ne
804 586 917 642 imbutus
929 585 1031 657 quidem

240 668 286 722 es?
318 664 449 734 Inprimis
465 664 531 719 enim
544 664 591 719 hon
607 664 732 719 traditur:
751 682 827 719 omne
839 663 1031 734 pronuntiatum

242 744 290 813 (sie
313 741 380 796 enim
403 740 465 794 mihi
488 740 516 794 in
538 741 673 811 presentia
693 740 803 795 occurrit
826 744 856 794 nt
880 739 1030 811 appellarem

241 820 343 882 ettam
367 825 426 871 nter
443 820 502 887 post
522 816 578 883 alio,
596 816 619 871 ri
636 816 755 871 invenero
773 815 953 885 melius:)-id
970 834 1031 886 ergo

241 895 281 945 eet
297 892 497 961 pronuntiatum,
511 891 579 962 qnod
595 897 635 947 eet
647 910 735 948 verum
752 897 797 947 ant
810 891 909 946 irrisum.
946 891 1032 957 Quum

242 966 304 1022 dieis
316 968 404 1039 igitur,
417 969 496 1022 mirer
507 969 545 1022 M.
562 969 690 1023 Cramer:
709 973 754 1023 ant
766 968 814 1023 hoo
827 968 897 1033 dieis,
909 969 1033 1022 miserat

242 1044 280 1098 Μ.
296 1044 411 1112 erarem,
424 1048 453 1098 ut
471 1044 552 1115 possit
566 1044 683 1116 judicari,
696 1062 784 1100 verum
801 1044 828 1099 id
842 1044 965 1098 falsumne
983 1044 1031 1097 sit:

242 1124 287 1174 ent
298 1120 362 1175 nihil
373 1120 436 1175 dieis
447 1120 557 1175 omnino.
592 1121 625 1174 A.
639 1122 705 1191 Age,
715 1120 769 1191 jain
781 1119 898 1184 concedo,
912 1137 962 1173 non
977 1137 1033 1175 erre

243 1196 356 1261 miseros,
366 1197 410 1268 qni
421 1196 516 1251 mortui
528 1200 596 1261 runt,
607 1197 726 1267 quoniam
738 1190 877 1259 extorsisti,
890 1199 919 1248 ut
931 1194 1031 1259 faterer.

243 1272 287 1343 qni
307 1273 408 1328 omnino
431 1290 483 1327 non
502 1278 596 1338 essent,
616 1274 660 1327 eos
681 1290 714 1327 ne
734 1272 840 1326 miseros
858 1270 957 1343 quidern
977 1288 1033 1325 esse

243 1367 325 1419 posse
350 1348 436 1415 Quid?
454 1348 499 1419 qni
510 1348 626 1413 vivimus,
636 1367 714 1419 quum
726 1346 883 1403 moriendum
897 1346 938 1415 sit,
950 1365 1034 1402 nonne

243 1425 330 1480 miseri
341 1425 447 1481 sumus?
467 1425 530 1490 Quae
538 1425 604 1479 eninr
617 1429 703 1495 potest
715 1425 742 1481 in
750 1425 805 1480 rita
813 1443 869 1480 esse
878 1424 1034 1495 juonnditar,

244 1520 322 1573 quum
338 1501 391 1556 dier
408 1505 436 1557 et
454 1505 542 1557 noctes
560 1500 723 1572 (rogitandum
740 1502 782 1567 eit,
791 1502 844 1574 jann
859 1501 962 1573 jamque
979 1517 1035 1555 erre

243 1576 422 1632 moriendumt

279 1653 358 1708 v111.
376 1652 416 1708 M.
434 1652 517 1723 Ecqui
537 1670 599 1724 ergo
622 1651 751 1724 intelligis,
774 1658 897 1725 quantum
920 1651 980 1707 ninii
1003 1650 1034 1708 de
1046 1662 1074 1710 lt

244 1729 355 1784 humana
365 1729 509 1785 eonditione
521 1728 663 1801 dejecerint
693 1732 724 1785 A.
737 1732 852 1796 Quonam
864 1729 960 1785 modot
995 1728 1035 1783 M.

246 1806 319 1871 Quin,
338 1806 361 1861 si
378 1806 443 1862 mori
459 1805 537 1860 etiem
554 1806 662 1861 mortuis
680 1808 799 1863 miserum
817 1809 893 1871 esset,
909 1804 1036 1860 infinitum

245 1882 372 1952 quoddam
392 1886 419 1937 et
439 1882 620 1953 sempiternum
642 1882 735 1939 malum
757 1882 907 1938 haberemus
928 1882 955 1937 in
974 1882 1035 1936 vite.

246 1958 324 2013 Nune
335 1957 408 2013 video
420 1957 530 2014 celoem:
549 1958 580 2013 nd
593 1976 668 2029 quarn
681 1977 759 2029 quum
772 1958 806 2013 sit
819 1957 961 2022 decursum,
973 1956 1037 2014 nihil

246 2034 281 2088 sit
296 2039 418 2104 praeterea
433 2033 656 2089 extimescendum.
694 2033 745 2088 Sed
756 2037 786 2087 tu
798 2033 860 2088 inihi
871 2032 963 2088 videris
975 2034 1037 2105 Epi-

246 2110 350 2177 charmi,
362 2111 437 2175 neuti
451 2128 499 2165 nee
513 2109 604 2164 insulsi
615 2109 731 2174 hominis,
745 2112 775 2164 ut
787 2109 871 2175 Siculi,
885 2111 1036 2165 sententiam

247 2186 328 2258 requi.
365 2189 395 2238 rt.
410 2186 511 2251 Quamt
546 2186 606 2239 Non
617 2185 684 2240 enirn
696 2185 762 2240 novi.
795 2186 834 2242 M.
847 2186 944 2254 Dicant,
957 2187 980 2243 si
992 2204 1038 2257 pn-

247 2267 311 2329 tero‚
332 2262 431 2316 Latine.
469 2262 524 2316 Scis
547 2262 614 2315 eninr
638 2280 679 2316 me
700 2263 786 2317 Graeee
806 2262 875 2334 loqui
895 2263 922 2318 in
942 2263 1037 2319 Latino

248 2356 363 2394 sermone
380 2356 432 2392 non
448 2337 506 2407 plus
525 2336 613 2403 solere,
632 2356 707 2408 qnam
724 2338 752 2393 in
768 2338 856 2394 Graeeo
868 2339 969 2395 Latine.
1006 2342 1037 2394 Α.

248 2416 284 2469 Et
296 2419 365 2468 reete
377 2414 486 2484 quidem.
522 2412 573 2469 Sed
585 2432 641 2485 qnae
656 2414 759 2470 tandem
775 2419 815 2470 est
831 2415 976 2485 Epicharmi
988 2414 1039 2469 iste

248 2490 397 2546 sententiat
426 2490 464 2544 M.

307 2573 382 2621 emori
391 2572 460 2620 nole:
476 2571 519 2617 red
528 2585 568 2617 me
579 2586 630 2618 esse
639 2572 762 2620 mertuum
771 2572 830 2617 nihil
839 2572 936 2618 testimo.

250 2648 283 2701 A.
299 2647 360 2699 Jam
379 2662 488 2715 agnosco
510 2645 634 2698 Graecum.
671 2644 721 2699 Sed
740 2644 859 2715 quoniam
876 2639 994 2711 coegisti„
1008 2642 1042 2693 nt

249 2720 419 2787 eoncederern,
437 2720 480 2791 qui
497 2720 593 2776 mortui
610 2724 710 2789 essent,
722 2740 770 2779 ene
787 2720 904 2776 rn'tnerne
918 2734 983 2799 nnn
993 2728 1069 2769 eene,

243 2797 341 2863 Pssfffsssss
350 2797 376 2849 ³¹¹
383 2800 466 2867 POiflfl,
478 2802 507 2853 Ut
519 2819 556 2857 ne
567 2801 740 2860 moriendum
753 2799 872 2875 qnihern
880 2810 945 2878 enee
952 2794 1099 2883 miserm?

227 2874 326 2935 nucem.
362 2871 402 2927 rr
421 2872 485 2933 ram
503 2878 584 2940 ntur
606 2883 727 2959 quinem
741 2879 821 2940 nnn
834 2868 955 2941 uentu
970 2864 1039 2914 ee,
1057 2862 1097 2898 ᾖ
