<?xml version="1.0" encoding="UTF-8"?>
<!DOCTYPE html PUBLIC "-//W3C//DTD XHTML 1.0 Transitional//EN"
    "http://www.w3.org/TR/xhtml1/DTD/xhtml1-transitional.dtd">
<html xmlns="http://www.w3.org/1999/xhtml" xml:lang="en" lang="en">
 <head>
  <title>
</title>
<meta http-equiv="Content-Type" content="text/html;charset=utf-8" />
  <meta name='ocr-system' content='tesseract 3.04.00' />
  <meta name='ocr-capabilities' content='ocr_page ocr_carea ocr_par ocr_line ocrx_word'/>
</head>
<body>
  <div class='ocr_page' id='page_1' title='image "./mtulliiciceroni09cicegoog/mtulliiciceroni09cicegoog_0167.png"; bbox 0 0 2634 3367; ppageno 0'>
   <div class='ocr_carea' id='block_1_1' title="bbox 481 342 1018 401">
    <p class='ocr_par' dir='ltr' id='par_1_1' title="bbox 481 342 1018 401">
     <span class='ocr_line' id='line_1_1' title="bbox 481 342 1018 401; baseline 0.007 -11"><span class='ocrx_word' id='word_1_1' title='bbox 481 342 548 392; x_wconf 88' lang='lat' dir='ltr'><strong>LIB.</strong></span> <span class='ocrx_word' id='word_1_2' title='bbox 565 343 595 390; x_wconf 84' lang='lat' dir='ltr'><strong>V.</strong></span> <span class='ocrx_word' id='word_1_3' title='bbox 613 343 687 392; x_wconf 80' lang='lat' dir='ltr'><strong>CAP.</strong></span> <span class='ocrx_word' id='word_1_4' title='bbox 705 346 729 401; x_wconf 86' lang='lat'><strong>6,</strong></span> <span class='ocrx_word' id='word_1_5' title='bbox 743 346 766 393; x_wconf 80' lang='lat'><strong>⁷.</strong></span> <span class='ocrx_word' id='word_1_6' title='bbox 975 343 1018 394; x_wconf 80' lang='lat' dir='ltr'><strong>lot</strong></span> 
     </span>
    </p>
   </div>
   <div class='ocr_carea' id='block_1_2' title="bbox 225 452 1061 1813">
    <p class='ocr_par' dir='ltr' id='par_1_2' title="bbox 228 452 1061 963">
     <span class='ocr_line' id='line_1_2' title="bbox 232 452 1061 525; baseline 0.004 -18"><span class='ocrx_word' id='word_1_7' title='bbox 232 452 303 508; x_wconf 91' lang='lat' dir='ltr'><strong>nulla</strong></span> <span class='ocrx_word' id='word_1_8' title='bbox 314 455 362 521; x_wconf 85' lang='lat' dir='ltr'><strong>cst,</strong></span> <span class='ocrx_word' id='word_1_9' title='bbox 375 470 425 524; x_wconf 91' lang='lat' dir='ltr'><strong>qua</strong></span> <span class='ocrx_word' id='word_1_10' title='bbox 435 453 531 507; x_wconf 86' lang='lat' dir='ltr'><strong>moveri</strong></span> <span class='ocrx_word' id='word_1_11' title='bbox 549 456 633 524; x_wconf 81' lang='lat' dir='ltr'><strong>queat.</strong></span> <span class='ocrx_word' id='word_1_12' title='bbox 670 452 747 513; x_wconf 78' lang='lat' dir='ltr'><strong>Quod</strong></span> <span class='ocrx_word' id='word_1_13' title='bbox 759 453 781 508; x_wconf 88' lang='lat' dir='ltr'><strong>si</strong></span> <span class='ocrx_word' id='word_1_14' title='bbox 793 455 840 519; x_wconf 88' lang='lat' dir='ltr'><strong>est,</strong></span> <span class='ocrx_word' id='word_1_15' title='bbox 854 454 898 525; x_wconf 92' lang='lat' dir='ltr'><strong>qni</strong></span> <span class='ocrx_word' id='word_1_16' title='bbox 910 454 960 509; x_wconf 84' lang='lat' dir='ltr'><strong>rim</strong></span> <span class='ocrx_word' id='word_1_17' title='bbox 972 455 1061 516; x_wconf 79' lang='lat' dir='ltr'><strong>ior-17</strong></span> 
     </span>
     <span class='ocr_line' id='line_1_3' title="bbox 231 529 1019 601; baseline 0.004 -18"><span class='ocrx_word' id='word_1_18' title='bbox 231 533 309 597; x_wconf 82' lang='lat' dir='ltr'><strong>tunae,</strong></span> <span class='ocrx_word' id='word_1_19' title='bbox 322 529 367 599; x_wconf 92' lang='lat' dir='ltr'><strong>qui</strong></span> <span class='ocrx_word' id='word_1_20' title='bbox 383 529 466 583; x_wconf 92' lang='lat' dir='ltr'><strong>omnia</strong></span> <span class='ocrx_word' id='word_1_21' title='bbox 482 529 598 596; x_wconf 87' lang='lat' dir='ltr'><strong>humana,</strong></span> <span class='ocrx_word' id='word_1_22' title='bbox 611 547 667 601; x_wconf 75' lang='lat' dir='ltr'><strong>qnae</strong></span> <span class='ocrx_word' id='word_1_23' title='bbox 679 529 769 600; x_wconf 89' lang='lat' dir='ltr'><strong>cuique</strong></span> <span class='ocrx_word' id='word_1_24' title='bbox 782 529 893 585; x_wconf 90' lang='lat' dir='ltr'><strong>accidere</strong></span> <span class='ocrx_word' id='word_1_25' title='bbox 905 537 1019 600; x_wconf 79' lang='lat' dir='ltr'>possunt,</span> 
     </span>
     <span class='ocr_line' id='line_1_4' title="bbox 230 605 1021 676; baseline 0.003 -16"><span class='ocrx_word' id='word_1_26' title='bbox 230 605 374 661; x_wconf 78' lang='lat' dir='ltr'><strong>tolerabilia</strong></span> <span class='ocrx_word' id='word_1_27' title='bbox 392 605 476 670; x_wconf 88' lang='lat' dir='ltr'><strong>ducat,</strong></span> <span class='ocrx_word' id='word_1_28' title='bbox 489 624 520 660; x_wconf 83' lang='lat' dir='ltr'><strong>ex</strong></span> <span class='ocrx_word' id='word_1_29' title='bbox 537 624 587 676; x_wconf 92' lang='lat' dir='ltr'><strong>quo</strong></span> <span class='ocrx_word' id='word_1_30' title='bbox 604 624 651 660; x_wconf 92' lang='lat' dir='ltr'><strong>nec</strong></span> <span class='ocrx_word' id='word_1_31' title='bbox 663 606 740 661; x_wconf 93' lang='lat' dir='ltr'><strong>timor</strong></span> <span class='ocrx_word' id='word_1_32' title='bbox 751 624 809 660; x_wconf 92' lang='lat' dir='ltr'><strong>eum</strong></span> <span class='ocrx_word' id='word_1_33' title='bbox 827 624 873 660; x_wconf 89' lang='lat' dir='ltr'><strong>nec</strong></span> <span class='ocrx_word' id='word_1_34' title='bbox 891 624 971 676; x_wconf 80' lang='lat' dir='ltr'><strong>angor</strong></span> <span class='ocrx_word' id='word_1_35' title='bbox 982 612 1021 662; x_wconf 93' lang='lat' dir='ltr'><strong>at·</strong></span> 
     </span>
     <span class='ocr_line' id='line_1_5' title="bbox 229 681 1021 751; baseline 0.004 -16"><span class='ocrx_word' id='word_1_36' title='bbox 229 682 332 751; x_wconf 84' lang='lat' dir='ltr'><strong>tingat:</strong></span> <span class='ocrx_word' id='word_1_37' title='bbox 353 681 471 751; x_wconf 79' lang='lat' dir='ltr'><strong>idemque</strong></span> <span class='ocrx_word' id='word_1_38' title='bbox 491 682 513 735; x_wconf 87' lang='lat' dir='ltr'><strong>si</strong></span> <span class='ocrx_word' id='word_1_39' title='bbox 535 681 598 735; x_wconf 90' lang='lat' dir='ltr'>nihil</span> <span class='ocrx_word' id='word_1_40' title='bbox 622 682 791 751; x_wconf 86' lang='lat' dir='ltr'><strong>concupiscat,</strong></span> <span class='ocrx_word' id='word_1_41' title='bbox 809 682 879 736; x_wconf 92' lang='lat' dir='ltr'><strong>nulla</strong></span> <span class='ocrx_word' id='word_1_42' title='bbox 902 683 1021 739; x_wconf 86' lang='lat' dir='ltr'><strong>efferatur</strong></span> 
     </span>
     <span class='ocr_line' id='line_1_6' title="bbox 230 757 1053 828; baseline 0.005 -17"><span class='ocrx_word' id='word_1_43' title='bbox 230 757 308 812; x_wconf 88' lang='lat' dir='ltr'><strong>animi</strong></span> <span class='ocrx_word' id='word_1_44' title='bbox 319 757 389 811; x_wconf 86' lang='lat' dir='ltr'><strong>inani</strong></span> <span class='ocrx_word' id='word_1_45' title='bbox 400 757 548 827; x_wconf 80' lang='lat' dir='ltr'><strong>voluptate:</strong></span> <span class='ocrx_word' id='word_1_46' title='bbox 567 758 628 828; x_wconf 90' lang='lat' dir='ltr'><strong>quid</strong></span> <span class='ocrx_word' id='word_1_47' title='bbox 648 761 695 821; x_wconf 87' lang='lat' dir='ltr'><strong>est,</strong></span> <span class='ocrx_word' id='word_1_48' title='bbox 709 776 755 812; x_wconf 89' lang='lat' dir='ltr'><strong>cur</strong></span> <span class='ocrx_word' id='word_1_49' title='bbox 766 757 788 811; x_wconf 87' lang='lat' dir='ltr'><strong>is</strong></span> <span class='ocrx_word' id='word_1_50' title='bbox 800 775 851 812; x_wconf 91' lang='lat' dir='ltr'><strong>non</strong></span> <span class='ocrx_word' id='word_1_51' title='bbox 862 757 952 813; x_wconf 87' lang='lat' dir='ltr'><strong>beatus</strong></span> <span class='ocrx_word' id='word_1_52' title='bbox 964 760 1020 815; x_wconf 83' lang='lat' dir='ltr'><strong>sitl’</strong></span> <span class='ocrx_word' id='word_1_53' title='bbox 1052 760 1053 764; x_wconf 64' lang='grc'>’</span> 
     </span>
     <span class='ocr_line' id='line_1_7' title="bbox 229 831 1020 905; baseline 0.005 -18"><span class='ocrx_word' id='word_1_54' title='bbox 229 836 256 887; x_wconf 86' lang='lat' dir='ltr'><strong>et</strong></span> <span class='ocrx_word' id='word_1_55' title='bbox 268 833 291 886; x_wconf 94' lang='lat' dir='ltr'><strong>si</strong></span> <span class='ocrx_word' id='word_1_56' title='bbox 303 831 357 888; x_wconf 77' lang='lat' dir='ltr'><strong>hac</strong></span> <span class='ocrx_word' id='word_1_57' title='bbox 368 832 465 887; x_wconf 86' lang='lat' dir='ltr'><strong>virtute</strong></span> <span class='ocrx_word' id='word_1_58' title='bbox 477 833 626 901; x_wconf 88' lang='lat' dir='ltr'><strong>efficiuntur,</strong></span> <span class='ocrx_word' id='word_1_59' title='bbox 634 833 695 903; x_wconf 91' lang='lat' dir='ltr'><strong>quid</strong></span> <span class='ocrx_word' id='word_1_60' title='bbox 704 837 751 901; x_wconf 87' lang='lat' dir='ltr'><strong>est,</strong></span> <span class='ocrx_word' id='word_1_61' title='bbox 761 850 807 888; x_wconf 89' lang='lat' dir='ltr'><strong>cur</strong></span> <span class='ocrx_word' id='word_1_62' title='bbox 818 833 899 889; x_wconf 79' lang='lat' dir='ltr'><strong>virtm</strong></span> <span class='ocrx_word' id='word_1_63' title='bbox 908 834 963 905; x_wconf 89' lang='lat' dir='ltr'><strong>ipsa</strong></span> <span class='ocrx_word' id='word_1_64' title='bbox 973 854 1020 903; x_wconf 86' lang='lat' dir='ltr'><strong>per</strong></span> 
     </span>
     <span class='ocr_line' id='line_1_8' title="bbox 228 908 543 963; baseline -0.003 0"><span class='ocrx_word' id='word_1_65' title='bbox 228 926 257 963; x_wconf 89' lang='lat' dir='ltr'><strong>se</strong></span> <span class='ocrx_word' id='word_1_66' title='bbox 268 925 321 963; x_wconf 93' lang='lat' dir='ltr'><strong>non</strong></span> <span class='ocrx_word' id='word_1_67' title='bbox 334 909 424 963; x_wconf 87' lang='lat' dir='ltr'><strong>efficiat</strong></span> <span class='ocrx_word' id='word_1_68' title='bbox 436 908 543 963; x_wconf 76' lang='lat' dir='ltr'><strong>beatos?</strong></span> 
     </span>
    </p>

    <p class='ocr_par' dir='ltr' id='par_1_3' title="bbox 225 983 1057 1813">
     <span class='ocr_line' id='line_1_9' title="bbox 262 983 1020 1058; baseline 0.008 -21"><span class='ocrx_word' id='word_1_69' title='bbox 262 983 328 1039; x_wconf 87' lang='lat' dir='ltr'><strong>VIL</strong></span> <span class='ocrx_word' id='word_1_70' title='bbox 346 985 378 1037; x_wconf 85' lang='lat' dir='ltr'><strong>A.</strong></span> <span class='ocrx_word' id='word_1_71' title='bbox 392 984 472 1053; x_wconf 80' lang='lat' dir='ltr'><strong>Atqui</strong></span> <span class='ocrx_word' id='word_1_72' title='bbox 490 984 597 1038; x_wconf 88' lang='lat' dir='ltr'><strong>alterum</strong></span> <span class='ocrx_word' id='word_1_73' title='bbox 615 983 665 1038; x_wconf 88' lang='lat' dir='ltr'><strong>dici</strong></span> <span class='ocrx_word' id='word_1_74' title='bbox 679 1001 732 1038; x_wconf 91' lang='lat' dir='ltr'><strong>non</strong></span> <span class='ocrx_word' id='word_1_75' title='bbox 748 985 840 1053; x_wconf 86' lang='lat' dir='ltr'><strong>potest,</strong></span> <span class='ocrx_word' id='word_1_76' title='bbox 854 984 915 1056; x_wconf 91' lang='lat' dir='ltr'><strong>quin</strong></span> <span class='ocrx_word' id='word_1_77' title='bbox 931 986 957 1052; x_wconf 90' lang='lat' dir='ltr'><strong>ii,</strong></span> <span class='ocrx_word' id='word_1_78' title='bbox 975 987 1020 1058; x_wconf 93' lang='lat' dir='ltr'><strong>qui</strong></span> 
     </span>
     <span class='ocr_line' id='line_1_10' title="bbox 227 1058 1019 1130; baseline 0.005 -17"><span class='ocrx_word' id='word_1_79' title='bbox 227 1058 292 1113; x_wconf 91' lang='lat' dir='ltr'><strong>nihil</strong></span> <span class='ocrx_word' id='word_1_80' title='bbox 310 1064 433 1124; x_wconf 88' lang='lat' dir='ltr'><strong>metuant,</strong></span> <span class='ocrx_word' id='word_1_81' title='bbox 446 1060 509 1113; x_wconf 87' lang='lat' dir='ltr'><strong>nihil</strong></span> <span class='ocrx_word' id='word_1_82' title='bbox 527 1063 659 1129; x_wconf 81' lang='lat' dir='ltr'><strong>angantur,</strong></span> <span class='ocrx_word' id='word_1_83' title='bbox 672 1060 736 1113; x_wconf 91' lang='lat' dir='ltr'><strong>nihil</strong></span> <span class='ocrx_word' id='word_1_84' title='bbox 751 1060 937 1130; x_wconf 81' lang='lat' dir='ltr'><strong>concupiscant,</strong></span> <span class='ocrx_word' id='word_1_85' title='bbox 949 1063 1019 1117; x_wconf 90' lang='lat' dir='ltr'><strong>nulla</strong></span> 
     </span>
     <span class='ocr_line' id='line_1_11' title="bbox 227 1134 1019 1205; baseline 0.008 -17"><span class='ocrx_word' id='word_1_86' title='bbox 227 1134 363 1204; x_wconf 88' lang='lat' dir='ltr'><strong>impotenti</strong></span> <span class='ocrx_word' id='word_1_87' title='bbox 380 1134 469 1190; x_wconf 75' lang='lat' dir='ltr'><strong>laetitia</strong></span> <span class='ocrx_word' id='word_1_88' title='bbox 486 1136 631 1199; x_wconf 87' lang='lat' dir='ltr'><strong>efferantur,</strong></span> <span class='ocrx_word' id='word_1_89' title='bbox 650 1134 719 1189; x_wconf 86' lang='lat' dir='ltr'><strong>beati</strong></span> <span class='ocrx_word' id='word_1_90' title='bbox 736 1134 805 1188; x_wconf 84' lang='lat' dir='ltr'><strong>sint:</strong></span> <span class='ocrx_word' id='word_1_91' title='bbox 826 1135 912 1205; x_wconf 88' lang='lat' dir='ltr'><strong>itaque</strong></span> <span class='ocrx_word' id='word_1_92' title='bbox 929 1137 956 1192; x_wconf 92' lang='lat' dir='ltr'><strong>id</strong></span> <span class='ocrx_word' id='word_1_93' title='bbox 971 1138 1019 1194; x_wconf 91' lang='lat' dir='ltr'><strong>tibi</strong></span> 
     </span>
     <span class='ocr_line' id='line_1_12' title="bbox 227 1210 1018 1280; baseline 0.003 -15"><span class='ocrx_word' id='word_1_94' title='bbox 227 1210 353 1265; x_wconf 88' lang='lat' dir='ltr'><strong>concedo:</strong></span> <span class='ocrx_word' id='word_1_95' title='bbox 376 1210 483 1265; x_wconf 88' lang='lat' dir='ltr'><strong>alterum</strong></span> <span class='ocrx_word' id='word_1_96' title='bbox 501 1215 585 1265; x_wconf 88' lang='lat' dir='ltr'><strong>antem</strong></span> <span class='ocrx_word' id='word_1_97' title='bbox 601 1210 653 1280; x_wconf 91' lang='lat' dir='ltr'><strong>jam</strong></span> <span class='ocrx_word' id='word_1_98' title='bbox 671 1210 799 1280; x_wconf 78' lang='lat' dir='ltr'><strong>integrum</strong></span> <span class='ocrx_word' id='word_1_99' title='bbox 817 1215 933 1265; x_wconf 90' lang='lat' dir='ltr'><strong>nonest.</strong></span> <span class='ocrx_word' id='word_1_100' title='bbox 970 1214 1018 1267; x_wconf 80' lang='lat' dir='ltr'><strong>Su-</strong></span> 
     </span>
     <span class='ocr_line' id='line_1_13' title="bbox 226 1285 1017 1356; baseline 0.006 -18"><span class='ocrx_word' id='word_1_101' title='bbox 226 1286 369 1355; x_wconf 87' lang='lat' dir='ltr'><strong>perioribus</strong></span> <span class='ocrx_word' id='word_1_102' title='bbox 392 1285 696 1356; x_wconf 86' lang='lat' dir='ltr'><strong>enim-disputationibus</strong></span> <span class='ocrx_word' id='word_1_103' title='bbox 717 1285 835 1340; x_wconf 86' lang='lat' dir='ltr'><strong>effectum</strong></span> <span class='ocrx_word' id='word_1_104' title='bbox 859 1292 906 1351; x_wconf 89' lang='lat' dir='ltr'><strong>est,</strong></span> <span class='ocrx_word' id='word_1_105' title='bbox 928 1305 1017 1343; x_wconf 87' lang='lat' dir='ltr'><strong>vacare</strong></span> 
     </span>
     <span class='ocr_line' id='line_1_14' title="bbox 226 1361 1057 1432; baseline 0.006 -18"><span class='ocrx_word' id='word_1_106' title='bbox 226 1362 297 1415; x_wconf 92' lang='lat' dir='ltr'><strong>omni</strong></span> <span class='ocrx_word' id='word_1_107' title='bbox 319 1361 396 1416; x_wconf 89' lang='lat' dir='ltr'><strong>animi</strong></span> <span class='ocrx_word' id='word_1_108' title='bbox 425 1361 614 1432; x_wconf 78' lang='lat' dir='ltr'><strong>perturbatione</strong></span> <span class='ocrx_word' id='word_1_109' title='bbox 644 1361 791 1430; x_wconf 80' lang='lat' dir='ltr'><strong>sapientem.</strong></span> <span class='ocrx_word' id='word_1_110' title='bbox 827 1361 867 1416; x_wconf 90' lang='lat' dir='ltr'><strong>M.</strong></span> <span class='ocrx_word' id='word_1_111' title='bbox 889 1362 1016 1419; x_wconf 89' lang='lat' dir='ltr'><strong>Nimirum</strong></span> <span class='ocrx_word' id='word_1_112' title='bbox 1027 1378 1057 1426; x_wconf 75' lang='lat'><strong>18</strong></span> 
     </span>
     <span class='ocr_line' id='line_1_15' title="bbox 226 1436 1016 1507; baseline 0.005 -16"><span class='ocrx_word' id='word_1_113' title='bbox 226 1437 308 1507; x_wconf 75' lang='lat' dir='ltr'><strong>igitur</strong></span> <span class='ocrx_word' id='word_1_114' title='bbox 331 1438 447 1493; x_wconf 83' lang='lat' dir='ltr'><strong>confecta</strong></span> <span class='ocrx_word' id='word_1_115' title='bbox 474 1456 515 1492; x_wconf 88' lang='lat' dir='ltr'><strong>res</strong></span> <span class='ocrx_word' id='word_1_116' title='bbox 540 1441 588 1493; x_wconf 89' lang='lat' dir='ltr'><strong>est.</strong></span> <span class='ocrx_word' id='word_1_117' title='bbox 628 1436 738 1491; x_wconf 87' lang='lat' dir='ltr'><strong>Videtur</strong></span> <span class='ocrx_word' id='word_1_118' title='bbox 768 1436 835 1491; x_wconf 91' lang='lat' dir='ltr'><strong>enim</strong></span> <span class='ocrx_word' id='word_1_119' title='bbox 862 1437 894 1492; x_wconf 93' lang='lat' dir='ltr'><strong>ad</strong></span> <span class='ocrx_word' id='word_1_120' title='bbox 920 1440 1016 1495; x_wconf 78' lang='lat' dir='ltr'><strong>exitum</strong></span> 
     </span>
     <span class='ocr_line' id='line_1_16' title="bbox 226 1513 1017 1585; baseline 0.005 -18"><span class='ocrx_word' id='word_1_121' title='bbox 226 1514 327 1568; x_wconf 87' lang='lat' dir='ltr'><strong>venisse</strong></span> <span class='ocrx_word' id='word_1_122' title='bbox 339 1514 454 1585; x_wconf 77' lang='lat' dir='ltr'><strong>questio.</strong></span> <span class='ocrx_word' id='word_1_123' title='bbox 490 1515 523 1568; x_wconf 80' lang='lat' dir='ltr'><strong>h.</strong></span> <span class='ocrx_word' id='word_1_124' title='bbox 536 1513 722 1583; x_wconf 88' lang='lat' dir='ltr'><strong>Propemodum</strong></span> <span class='ocrx_word' id='word_1_125' title='bbox 734 1513 761 1568; x_wconf 95' lang='lat' dir='ltr'><strong>id</strong></span> <span class='ocrx_word' id='word_1_126' title='bbox 773 1513 881 1585; x_wconf 88' lang='lat' dir='ltr'><strong>quidem.</strong></span> <span class='ocrx_word' id='word_1_127' title='bbox 917 1515 956 1570; x_wconf 90' lang='lat' dir='ltr'><strong>M.</strong></span> <span class='ocrx_word' id='word_1_128' title='bbox 967 1516 1017 1571; x_wconf 87' lang='lat' dir='ltr'><strong>Ve-</strong></span> 
     </span>
     <span class='ocr_line' id='line_1_17' title="bbox 225 1589 1017 1662; baseline 0.004 -18"><span class='ocrx_word' id='word_1_129' title='bbox 225 1595 370 1644; x_wconf 90' lang='lat' dir='ltr'><strong>rumtamen</strong></span> <span class='ocrx_word' id='word_1_130' title='bbox 382 1590 615 1645; x_wconf 79' lang='lat' dir='ltr'><strong>mathematicorum</strong></span> <span class='ocrx_word' id='word_1_131' title='bbox 628 1589 677 1645; x_wconf 86' lang='lat' dir='ltr'><strong>iste</strong></span> <span class='ocrx_word' id='word_1_132' title='bbox 689 1608 743 1644; x_wconf 88' lang='lat' dir='ltr'><strong>mos</strong></span> <span class='ocrx_word' id='word_1_133' title='bbox 759 1595 805 1656; x_wconf 85' lang='lat' dir='ltr'><strong>est,</strong></span> <span class='ocrx_word' id='word_1_134' title='bbox 817 1608 868 1645; x_wconf 92' lang='lat' dir='ltr'><strong>non</strong></span> <span class='ocrx_word' id='word_1_135' title='bbox 882 1594 921 1645; x_wconf 90' lang='lat' dir='ltr'><strong>est</strong></span> <span class='ocrx_word' id='word_1_136' title='bbox 936 1591 1017 1662; x_wconf 93' lang='lat' dir='ltr'><strong>philo·</strong></span> 
     </span>
     <span class='ocr_line' id='line_1_18' title="bbox 225 1665 1013 1737; baseline 0.003 -18"><span class='ocrx_word' id='word_1_137' title='bbox 225 1666 371 1736; x_wconf 87' lang='lat' dir='ltr'><strong>sophorum.</strong></span> <span class='ocrx_word' id='word_1_138' title='bbox 396 1667 463 1720; x_wconf 92' lang='lat' dir='ltr'><strong>Nam</strong></span> <span class='ocrx_word' id='word_1_139' title='bbox 476 1671 611 1737; x_wconf 81' lang='lat' dir='ltr'><strong>geometrae</strong></span> <span class='ocrx_word' id='word_1_140' title='bbox 623 1685 701 1737; x_wconf 92' lang='lat' dir='ltr'><strong>quum</strong></span> <span class='ocrx_word' id='word_1_141' title='bbox 713 1666 807 1737; x_wconf 88' lang='lat' dir='ltr'><strong>aliquid</strong></span> <span class='ocrx_word' id='word_1_142' title='bbox 819 1665 908 1721; x_wconf 91' lang='lat' dir='ltr'><strong>docere</strong></span> <span class='ocrx_word' id='word_1_143' title='bbox 918 1667 1013 1733; x_wconf 84' lang='lat' dir='ltr'><strong>volunt,</strong></span> 
     </span>
     <span class='ocr_line' id='line_1_19' title="bbox 225 1741 1013 1813; baseline -0.001 -17"><span class='ocrx_word' id='word_1_144' title='bbox 225 1743 249 1796; x_wconf 89' lang='lat' dir='ltr'><strong>si</strong></span> <span class='ocrx_word' id='word_1_145' title='bbox 260 1741 321 1813; x_wconf 90' lang='lat' dir='ltr'><strong>qnid</strong></span> <span class='ocrx_word' id='word_1_146' title='bbox 331 1742 427 1797; x_wconf 88' lang='lat' dir='ltr'><strong>adeam</strong></span> <span class='ocrx_word' id='word_1_147' title='bbox 439 1761 491 1797; x_wconf 88' lang='lat' dir='ltr'><strong>rem</strong></span> <span class='ocrx_word' id='word_1_148' title='bbox 505 1743 614 1813; x_wconf 86' lang='lat' dir='ltr'><strong>pertinet</strong></span> <span class='ocrx_word' id='word_1_149' title='bbox 623 1760 718 1808; x_wconf 89' lang='lat' dir='ltr'><strong>eorum,</strong></span> <span class='ocrx_word' id='word_1_150' title='bbox 729 1761 785 1813; x_wconf 89' lang='lat' dir='ltr'><strong>quae</strong></span> <span class='ocrx_word' id='word_1_151' title='bbox 797 1745 856 1796; x_wconf 90' lang='lat' dir='ltr'><strong>ante</strong></span> <span class='ocrx_word' id='word_1_152' title='bbox 865 1743 1013 1808; x_wconf 87' lang='lat' dir='ltr'><strong>docuerunt,</strong></span> 
     </span>
    </p>
   </div>
   <div class='ocr_carea' id='block_1_3' title="bbox 224 1813 1016 1958">
    <p class='ocr_par' dir='ltr' id='par_1_4' title="bbox 224 1813 1016 1958">
     <span class='ocr_line' id='line_1_20' title="bbox 224 1813 1016 1889; baseline 0 -18"><span class='ocrx_word' id='word_1_153' title='bbox 224 1813 379 1872; x_wconf 77' lang='lat' dir='ltr'><strong>id&#39;sumnnt</strong></span> <span class='ocrx_word' id='word_1_154' title='bbox 398 1836 444 1889; x_wconf 92' lang='lat' dir='ltr'><strong>pro</strong></span> <span class='ocrx_word' id='word_1_155' title='bbox 463 1837 581 1873; x_wconf 87' lang='lat' dir='ltr'><strong>concesso</strong></span> <span class='ocrx_word' id='word_1_156' title='bbox 602 1822 628 1873; x_wconf 93' lang='lat' dir='ltr'><strong>et</strong></span> <span class='ocrx_word' id='word_1_157' title='bbox 649 1818 771 1888; x_wconf 89' lang='lat' dir='ltr'><strong>probato:</strong></span> <span class='ocrx_word' id='word_1_158' title='bbox 796 1818 859 1872; x_wconf 90' lang='lat' dir='ltr'><strong>illud</strong></span> <span class='ocrx_word' id='word_1_159' title='bbox 878 1817 953 1872; x_wconf 89' lang='lat' dir='ltr'><strong>modo</strong></span> <span class='ocrx_word' id='word_1_160' title='bbox 972 1836 1016 1871; x_wconf 86' lang='lat' dir='ltr'><strong>ex·</strong></span> 
     </span>
     <span class='ocr_line' id='line_1_21' title="bbox 224 1886 1012 1958; baseline -0.003 -17"><span class='ocrx_word' id='word_1_161' title='bbox 224 1886 328 1957; x_wconf 87' lang='lat' dir='ltr'><strong>plicant,</strong></span> <span class='ocrx_word' id='word_1_162' title='bbox 348 1887 448 1958; x_wconf 91' lang='lat' dir='ltr'><strong>dequo</strong></span> <span class='ocrx_word' id='word_1_163' title='bbox 469 1893 528 1942; x_wconf 86' lang='lat' dir='ltr'><strong>ante</strong></span> <span class='ocrx_word' id='word_1_164' title='bbox 547 1887 609 1942; x_wconf 92' lang='lat' dir='ltr'><strong>nihil</strong></span> <span class='ocrx_word' id='word_1_165' title='bbox 630 1888 754 1956; x_wconf 86' lang='lat' dir='ltr'><strong>scriptum</strong></span> <span class='ocrx_word' id='word_1_166' title='bbox 775 1890 822 1940; x_wconf 88' lang='lat' dir='ltr'><strong>est.</strong></span> <span class='ocrx_word' id='word_1_167' title='bbox 858 1886 1012 1956; x_wconf 87' lang='lat' dir='ltr'><strong>Philosophi,</strong></span> 
     </span>
    </p>
   </div>
   <div class='ocr_carea' id='block_1_4' title="bbox 219 1962 1049 2791">
    <p class='ocr_par' dir='ltr' id='par_1_5' title="bbox 219 1962 1049 2791">
     <span class='ocr_line' id='line_1_22' title="bbox 224 1962 1014 2034; baseline 0 -18"><span class='ocrx_word' id='word_1_168' title='bbox 224 1980 409 2034; x_wconf 88' lang='lat' dir='ltr'><strong>quamcumque</strong></span> <span class='ocrx_word' id='word_1_169' title='bbox 421 1981 474 2018; x_wconf 88' lang='lat' dir='ltr'><strong>rem</strong></span> <span class='ocrx_word' id='word_1_170' title='bbox 490 1964 584 2019; x_wconf 87' lang='lat' dir='ltr'><strong>habent</strong></span> <span class='ocrx_word' id='word_1_171' title='bbox 596 1963 623 2016; x_wconf 93' lang='lat' dir='ltr'><strong>in</strong></span> <span class='ocrx_word' id='word_1_172' title='bbox 638 1963 762 2029; x_wconf 89' lang='lat' dir='ltr'><strong>manibus,</strong></span> <span class='ocrx_word' id='word_1_173' title='bbox 774 1962 800 2015; x_wconf 89' lang='lat' dir='ltr'><strong>in</strong></span> <span class='ocrx_word' id='word_1_174' title='bbox 812 1979 874 2026; x_wconf 89' lang='lat' dir='ltr'><strong>eam,</strong></span> <span class='ocrx_word' id='word_1_175' title='bbox 887 1979 943 2031; x_wconf 79' lang='lat' dir='ltr'><strong>qua</strong></span> <span class='ocrx_word' id='word_1_176' title='bbox 955 1979 1014 2016; x_wconf 88' lang='lat' dir='ltr'><strong>con·</strong></span> 
     </span>
     <span class='ocr_line' id='line_1_23' title="bbox 223 2035 1012 2109; baseline -0.004 -15"><span class='ocrx_word' id='word_1_177' title='bbox 223 2039 339 2103; x_wconf 83' lang='lat' dir='ltr'><strong>veniunt,</strong></span> <span class='ocrx_word' id='word_1_178' title='bbox 352 2044 492 2109; x_wconf 86' lang='lat' dir='ltr'><strong>congerunt</strong></span> <span class='ocrx_word' id='word_1_179' title='bbox 504 2040 595 2103; x_wconf 88' lang='lat' dir='ltr'><strong>omnia,</strong></span> <span class='ocrx_word' id='word_1_180' title='bbox 608 2038 657 2093; x_wconf 87' lang='lat' dir='ltr'><strong>etsi</strong></span> <span class='ocrx_word' id='word_1_181' title='bbox 672 2037 720 2092; x_wconf 86' lang='lat' dir='ltr'><strong>alio</strong></span> <span class='ocrx_word' id='word_1_182' title='bbox 734 2037 790 2091; x_wconf 92' lang='lat' dir='ltr'><strong>loco</strong></span> <span class='ocrx_word' id='word_1_183' title='bbox 802 2035 930 2106; x_wconf 87' lang='lat' dir='ltr'><strong>disputata</strong></span> <span class='ocrx_word' id='word_1_184' title='bbox 944 2040 1012 2091; x_wconf 87' lang='lat' dir='ltr'><strong>sunt.</strong></span> 
     </span>
     <span class='ocr_line' id='line_1_24' title="bbox 224 2112 1013 2182; baseline -0.001 -14"><span class='ocrx_word' id='word_1_185' title='bbox 224 2113 301 2179; x_wconf 82' lang='lat' dir='ltr'><strong>Quod</strong></span> <span class='ocrx_word' id='word_1_186' title='bbox 312 2114 339 2168; x_wconf 93' lang='lat' dir='ltr'><strong>ni</strong></span> <span class='ocrx_word' id='word_1_187' title='bbox 350 2115 387 2169; x_wconf 90' lang='lat' dir='ltr'><strong>ita</strong></span> <span class='ocrx_word' id='word_1_188' title='bbox 398 2119 473 2180; x_wconf 85' lang='lat' dir='ltr'><strong>esset,</strong></span> <span class='ocrx_word' id='word_1_189' title='bbox 484 2134 530 2170; x_wconf 89' lang='lat' dir='ltr'><strong>cur</strong></span> <span class='ocrx_word' id='word_1_190' title='bbox 538 2116 646 2178; x_wconf 86' lang='lat' dir='ltr'><strong>Stoicos,</strong></span> <span class='ocrx_word' id='word_1_191' title='bbox 657 2113 680 2168; x_wconf 89' lang='lat' dir='ltr'><strong>si</strong></span> <span class='ocrx_word' id='word_1_192' title='bbox 691 2117 758 2167; x_wconf 89' lang='lat' dir='ltr'><strong>esset</strong></span> <span class='ocrx_word' id='word_1_193' title='bbox 768 2112 908 2182; x_wconf 86' lang='lat' dir='ltr'><strong>quaesitum,</strong></span> <span class='ocrx_word' id='word_1_194' title='bbox 919 2112 1013 2168; x_wconf 89' lang='lat' dir='ltr'><strong>satisne</strong></span> 
     </span>
     <span class='ocr_line' id='line_1_25' title="bbox 223 2188 1014 2261; baseline -0.001 -17"><span class='ocrx_word' id='word_1_195' title='bbox 223 2189 257 2244; x_wconf 88' lang='lat' dir='ltr'><strong>ad</strong></span> <span class='ocrx_word' id='word_1_196' title='bbox 274 2190 348 2245; x_wconf 87' lang='lat' dir='ltr'><strong>beate</strong></span> <span class='ocrx_word' id='word_1_197' title='bbox 363 2190 499 2246; x_wconf 85' lang='lat' dir='ltr'><strong>vivendum</strong></span> <span class='ocrx_word' id='word_1_198' title='bbox 514 2191 596 2246; x_wconf 80' lang='lat' dir='ltr'><strong>virtus</strong></span> <span class='ocrx_word' id='word_1_199' title='bbox 614 2194 708 2261; x_wconf 88' lang='lat' dir='ltr'><strong>posset,</strong></span> <span class='ocrx_word' id='word_1_200' title='bbox 725 2188 805 2242; x_wconf 87' lang='lat' dir='ltr'><strong>multa</strong></span> <span class='ocrx_word' id='word_1_201' title='bbox 823 2188 936 2243; x_wconf 75' lang='lat' dir='ltr'><strong>diceret?</strong></span> <span class='ocrx_word' id='word_1_202' title='bbox 966 2188 1014 2243; x_wconf 81' lang='lat' dir='ltr'><strong>cui</strong></span> 
     </span>
     <span class='ocr_line' id='line_1_26' title="bbox 222 2263 1013 2337; baseline 0 -17"><span class='ocrx_word' id='word_1_203' title='bbox 222 2266 287 2320; x_wconf 83' lang='lat' dir='ltr'><strong>satis</strong></span> <span class='ocrx_word' id='word_1_204' title='bbox 306 2270 381 2333; x_wconf 89' lang='lat' dir='ltr'><strong>esset,</strong></span> <span class='ocrx_word' id='word_1_205' title='bbox 400 2266 558 2337; x_wconf 88' lang='lat' dir='ltr'><strong>respondere,</strong></span> <span class='ocrx_word' id='word_1_206' title='bbox 576 2285 604 2322; x_wconf 85' lang='lat' dir='ltr'><strong>se</strong></span> <span class='ocrx_word' id='word_1_207' title='bbox 621 2271 681 2321; x_wconf 89' lang='lat' dir='ltr'><strong>ante</strong></span> <span class='ocrx_word' id='word_1_208' title='bbox 699 2265 821 2330; x_wconf 81' lang='lat' dir='ltr'><strong>docuisse,</strong></span> <span class='ocrx_word' id='word_1_209' title='bbox 839 2264 901 2319; x_wconf 91' lang='lat' dir='ltr'><strong>nihil</strong></span> <span class='ocrx_word' id='word_1_210' title='bbox 918 2263 1013 2320; x_wconf 92' lang='lat' dir='ltr'><strong>bonum</strong></span> 
     </span>
     <span class='ocr_line' id='line_1_27' title="bbox 222 2340 1011 2414; baseline -0.001 -16"><span class='ocrx_word' id='word_1_211' title='bbox 222 2360 287 2406; x_wconf 77' lang='lat' dir='ltr'><strong>esse,</strong></span> <span class='ocrx_word' id='word_1_212' title='bbox 297 2343 346 2397; x_wconf 88' lang='lat' dir='ltr'><strong>nisi</strong></span> <span class='ocrx_word' id='word_1_213' title='bbox 356 2343 424 2414; x_wconf 90' lang='lat' dir='ltr'><strong>quod</strong></span> <span class='ocrx_word' id='word_1_214' title='bbox 432 2344 566 2398; x_wconf 86' lang='lat' dir='ltr'><strong>honestum</strong></span> <span class='ocrx_word' id='word_1_215' title='bbox 575 2346 659 2397; x_wconf 88' lang='lat' dir='ltr'><strong>esset:</strong></span> <span class='ocrx_word' id='word_1_216' title='bbox 677 2342 725 2397; x_wconf 93' lang='lat' dir='ltr'><strong>hoc</strong></span> <span class='ocrx_word' id='word_1_217' title='bbox 733 2340 845 2412; x_wconf 85' lang='lat' dir='ltr'><strong>probato,</strong></span> <span class='ocrx_word' id='word_1_218' title='bbox 856 2359 1011 2412; x_wconf 86' lang='lat' dir='ltr'><strong>consequeus</strong></span> 
     </span>
     <span class='ocr_line' id='line_1_28' title="bbox 221 2418 1011 2488; baseline -0.001 -15"><span class='ocrx_word' id='word_1_219' title='bbox 221 2436 287 2482; x_wconf 83' lang='lat' dir='ltr'><strong>esse,</strong></span> <span class='ocrx_word' id='word_1_220' title='bbox 305 2418 404 2473; x_wconf 86' lang='lat' dir='ltr'><strong>beatam</strong></span> <span class='ocrx_word' id='word_1_221' title='bbox 423 2420 501 2473; x_wconf 87' lang='lat' dir='ltr'><strong>vitam</strong></span> <span class='ocrx_word' id='word_1_222' title='bbox 521 2419 617 2474; x_wconf 81' lang='lat' dir='ltr'><strong>virtute</strong></span> <span class='ocrx_word' id='word_1_223' title='bbox 638 2436 694 2473; x_wconf 84' lang='lat' dir='ltr'><strong>esse</strong></span> <span class='ocrx_word' id='word_1_224' title='bbox 714 2420 874 2472; x_wconf 89' lang='lat' dir='ltr'><strong>contentam:</strong></span> <span class='ocrx_word' id='word_1_225' title='bbox 905 2422 938 2483; x_wconf 89' lang='lat' dir='ltr'><strong>et,</strong></span> <span class='ocrx_word' id='word_1_226' title='bbox 961 2436 1011 2488; x_wconf 89' lang='lat' dir='ltr'><strong>qno</strong></span> 
     </span>
     <span class='ocr_line' id='line_1_29' title="bbox 220 2493 1012 2565; baseline -0.001 -17"><span class='ocrx_word' id='word_1_227' title='bbox 220 2493 298 2548; x_wconf 90' lang='lat' dir='ltr'><strong>modo</strong></span> <span class='ocrx_word' id='word_1_228' title='bbox 312 2495 360 2549; x_wconf 91' lang='lat' dir='ltr'><strong>hoo</strong></span> <span class='ocrx_word' id='word_1_229' title='bbox 372 2496 406 2549; x_wconf 87' lang='lat' dir='ltr'><strong>sit</strong></span> <span class='ocrx_word' id='word_1_230' title='bbox 421 2512 576 2565; x_wconf 86' lang='lat' dir='ltr'><strong>consequens</strong></span> <span class='ocrx_word' id='word_1_231' title='bbox 592 2494 636 2557; x_wconf 91' lang='lat' dir='ltr'><strong>illi,</strong></span> <span class='ocrx_word' id='word_1_232' title='bbox 649 2494 686 2550; x_wconf 90' lang='lat' dir='ltr'><strong>sio</strong></span> <span class='ocrx_word' id='word_1_233' title='bbox 700 2493 763 2548; x_wconf 90' lang='lat' dir='ltr'><strong>illud</strong></span> <span class='ocrx_word' id='word_1_234' title='bbox 774 2494 841 2561; x_wconf 86' lang='lat' dir='ltr'><strong>huic,</strong></span> <span class='ocrx_word' id='word_1_235' title='bbox 853 2498 890 2559; x_wconf 88' lang='lat' dir='ltr'><strong>ut,</strong></span> <span class='ocrx_word' id='word_1_236' title='bbox 904 2494 926 2548; x_wconf 91' lang='lat' dir='ltr'><strong>si</strong></span> <span class='ocrx_word' id='word_1_237' title='bbox 937 2494 1012 2548; x_wconf 88' lang='lat' dir='ltr'><strong>beata</strong></span> 
     </span>
     <span class='ocr_line' id='line_1_30' title="bbox 219 2568 1012 2639; baseline -0.001 -15"><span class='ocrx_word' id='word_1_238' title='bbox 219 2571 276 2624; x_wconf 84' lang='lat' dir='ltr'><strong>vita</strong></span> <span class='ocrx_word' id='word_1_239' title='bbox 287 2570 383 2625; x_wconf 82' lang='lat' dir='ltr'><strong>virtute</strong></span> <span class='ocrx_word' id='word_1_240' title='bbox 399 2575 519 2625; x_wconf 88' lang='lat' dir='ltr'><strong>contenta</strong></span> <span class='ocrx_word' id='word_1_241' title='bbox 537 2571 578 2635; x_wconf 84' lang='lat' dir='ltr'><strong>sit,</strong></span> <span class='ocrx_word' id='word_1_242' title='bbox 591 2570 640 2623; x_wconf 86' lang='lat' dir='ltr'><strong>nisi</strong></span> <span class='ocrx_word' id='word_1_243' title='bbox 656 2570 790 2625; x_wconf 88' lang='lat' dir='ltr'><strong>honestum</strong></span> <span class='ocrx_word' id='word_1_244' title='bbox 808 2568 875 2639; x_wconf 91' lang='lat' dir='ltr'><strong>quod</strong></span> <span class='ocrx_word' id='word_1_245' title='bbox 891 2569 932 2635; x_wconf 88' lang='lat' dir='ltr'><strong>sit,</strong></span> <span class='ocrx_word' id='word_1_246' title='bbox 948 2569 1012 2623; x_wconf 90' lang='lat' dir='ltr'><strong>nihil</strong></span> 
     </span>
     <span class='ocr_line' id='line_1_31' title="bbox 219 2643 1049 2713; baseline 0.002 -14"><span class='ocrx_word' id='word_1_247' title='bbox 219 2644 291 2700; x_wconf 89' lang='lat' dir='ltr'><strong>aliud</strong></span> <span class='ocrx_word' id='word_1_248' title='bbox 306 2646 341 2700; x_wconf 87' lang='lat' dir='ltr'><strong>sit</strong></span> <span class='ocrx_word' id='word_1_249' title='bbox 358 2645 460 2701; x_wconf 84' lang='lat' dir='ltr'><strong>bonum.</strong></span> <span class='ocrx_word' id='word_1_250' title='bbox 495 2645 546 2699; x_wconf 79' lang='lat' dir='ltr'><strong>Sed</strong></span> <span class='ocrx_word' id='word_1_251' title='bbox 561 2649 646 2699; x_wconf 89' lang='lat' dir='ltr'><strong>tamen</strong></span> <span class='ocrx_word' id='word_1_252' title='bbox 662 2662 713 2699; x_wconf 92' lang='lat' dir='ltr'><strong>non</strong></span> <span class='ocrx_word' id='word_1_253' title='bbox 729 2648 808 2713; x_wconf 84' lang='lat' dir='ltr'><strong>agunt</strong></span> <span class='ocrx_word' id='word_1_254' title='bbox 823 2645 868 2699; x_wconf 86' lang='lat' dir='ltr'><strong>sic.</strong></span> <span class='ocrx_word' id='word_1_255' title='bbox 903 2643 971 2697; x_wconf 88' lang='lat' dir='ltr'><strong>Nam</strong></span> <span class='ocrx_word' id='word_1_256' title='bbox 984 2649 1010 2697; x_wconf 88' lang='lat' dir='ltr'><strong>et</strong></span> <span class='ocrx_word' id='word_1_257' title='bbox 1021 2657 1049 2703; x_wconf 89' lang='grc'><strong>19</strong></span> 
     </span>
     <span class='ocr_line' id='line_1_32' title="bbox 220 2718 1010 2791; baseline -0.005 -15"><span class='ocrx_word' id='word_1_258' title='bbox 220 2721 253 2776; x_wconf 93' lang='lat' dir='ltr'><strong>de</strong></span> <span class='ocrx_word' id='word_1_259' title='bbox 265 2722 373 2776; x_wconf 90' lang='lat' dir='ltr'><strong>honesto</strong></span> <span class='ocrx_word' id='word_1_260' title='bbox 385 2725 411 2775; x_wconf 88' lang='lat' dir='ltr'><strong>et</strong></span> <span class='ocrx_word' id='word_1_261' title='bbox 424 2720 455 2775; x_wconf 89' lang='lat' dir='ltr'><strong>dc</strong></span> <span class='ocrx_word' id='word_1_262' title='bbox 471 2738 569 2775; x_wconf 89' lang='lat' dir='ltr'><strong>summo</strong></span> <span class='ocrx_word' id='word_1_263' title='bbox 585 2720 651 2775; x_wconf 90' lang='lat' dir='ltr'><strong>bono</strong></span> <span class='ocrx_word' id='word_1_264' title='bbox 668 2721 802 2791; x_wconf 83' lang='lat' dir='ltr'><strong>separatim</strong></span> <span class='ocrx_word' id='word_1_265' title='bbox 816 2718 874 2774; x_wconf 88' lang='lat' dir='ltr'><strong>libri</strong></span> <span class='ocrx_word' id='word_1_266' title='bbox 889 2723 964 2772; x_wconf 87' lang='lat' dir='ltr'><strong>snut:</strong></span> <span class='ocrx_word' id='word_1_267' title='bbox 984 2722 1010 2772; x_wconf 88' lang='lat' dir='ltr'><strong>et</strong></span> 
     </span>
    </p>
   </div>
   <div class='ocr_carea' id='block_1_5' title="bbox 216 2790 1063 3016">
    <p class='ocr_par' dir='ltr' id='par_1_6' title="bbox 216 2790 1063 3016">
     <span class='ocr_line' id='line_1_33' title="bbox 219 2790 1036 2871; baseline -0.02 -19"><span class='ocrx_word' id='word_1_268' title='bbox 219 2816 300 2868; x_wconf 91' lang='lat' dir='ltr'><strong>qnnm</strong></span> <span class='ocrx_word' id='word_1_269' title='bbox 312 2816 345 2852; x_wconf 86' lang='lat' dir='ltr'><strong>ex</strong></span> <span class='ocrx_word' id='word_1_270' title='bbox 356 2814 387 2851; x_wconf 91' lang='lat' dir='ltr'><strong>eo</strong></span> <span class='ocrx_word' id='word_1_271' title='bbox 399 2797 528 2865; x_wconf 85' lang='lat' dir='ltr'><strong>efficiatur,</strong></span> <span class='ocrx_word' id='word_1_272' title='bbox 541 2797 605 2853; x_wconf 87' lang='lat' dir='ltr'><strong>satis</strong></span> <span class='ocrx_word' id='word_1_273' title='bbox 620 2794 897 2871; x_wconf 71' lang='lat' dir='ltr'><strong>magnaminu&#39;ntnte</strong></span> <span class='ocrx_word' id='word_1_274' title='bbox 905 2790 1036 2869; x_wconf 50' lang='lat' dir='ltr'><strong>anaema</strong></span> 
     </span>
     <span class='ocr_line' id='line_1_34' title="bbox 216 2862 1063 2947; baseline -0.002 -17"><span class='ocrx_word' id='word_1_275' title='bbox 216 2872 348 2928; x_wconf 79' lang='lat' dir='ltr'><strong>ri&#39;rendnm</strong></span> <span class='ocrx_word' id='word_1_276' title='bbox 365 2891 423 2931; x_wconf 81' lang='lat' dir='ltr'><strong>esse</strong></span> <span class='ocrx_word' id='word_1_277' title='bbox 436 2874 497 2947; x_wconf 72' lang='lat' dir='ltr'><strong>nm,</strong></span> <span class='ocrx_word' id='word_1_278' title='bbox 509 2875 595 2936; x_wconf 86' lang='lat' dir='ltr'><strong>nihilo</strong></span> <span class='ocrx_word' id='word_1_279' title='bbox 610 2875 704 2935; x_wconf 83' lang='lat' dir='ltr'><strong>miuus</strong></span> <span class='ocrx_word' id='word_1_280' title='bbox 719 2875 778 2933; x_wconf 87' lang='lat' dir='ltr'><strong>hoc</strong></span> <span class='ocrx_word' id='word_1_281' title='bbox 791 2871 883 2942; x_wconf 51' lang='lat' dir='ltr'><strong>ansul</strong></span> <span class='ocrx_word' id='word_1_282' title='bbox 898 2862 1063 2931; x_wconf 45' lang='lat' dir='ltr'><strong>*numm*</strong></span> 
     </span>
     <span class='ocr_line' id='line_1_35' title="bbox 615 2974 648 3016; baseline 0 0"><span class='ocrx_word' id='word_1_283' title='bbox 615 2974 648 3016; x_wconf 79' lang='lat' dir='ltr'><strong>nn</strong></span> 
     </span>
    </p>
   </div>
   <div class='ocr_carea' id='block_1_6' title="bbox 0 0 1322 3367">
    <p class='ocr_par' dir='ltr' id='par_1_7' title="bbox 0 0 1322 3367">
     <span class='ocr_line' id='line_1_36' title="bbox 0 0 1322 3367; baseline 0 6"><span class='ocrx_word' id='word_1_284' title='bbox 0 0 1322 3367; x_wconf 95' lang='lat' dir='ltr'><strong> </strong></span> 
     </span>
    </p>
   </div>
  </div>
 </body>
</html>
