2634 3367
493 339 563 388 ΜΒ.
579 340 617 388 11.
635 339 709 388 csP.
728 342 751 395 8,
768 342 791 387 4.
1005 342 1036 389 bt

243 452 338 519 disant,
357 450 408 521 ipsi
427 467 479 506 nou
497 449 628 506 laborant:
653 469 699 507 our
720 450 820 522 legendi
841 451 901 517 sini,
921 450 971 505 nisi
991 451 1039 522 ipsi

242 530 312 584 inter
330 544 367 594 se,
388 527 433 596 qui
455 527 521 582 idem
543 528 665 592 sentiunt,
685 545 737 583 non
757 526 879 597 intelligo.
915 528 989 593 Nam,
1010 534 1060 583 ott

243 605 379 661 Platonem
400 604 560 675 reliquosque
580 604 722 659 Socratioos
743 608 770 659 et
789 604 907 675 deinceps
925 621 976 669 eos,
996 606 1040 675 qui

243 682 275 737 ob
292 681 334 735 bis
353 680 462 751 profecti
478 684 548 749 sunt,
564 680 654 751 legunt
672 698 767 746 omues,
782 680 858 736 etiam
877 680 920 751 qui
937 680 980 735 illa
995 690 1039 736 aut

243 776 295 813 non
304 755 447 828 approbant
457 761 562 811 autnon
571 757 757 812 studiosissime
766 761 960 822 oonseotantur3
979 757 1040 827 Epi·

244 852 335 891 onrum
347 838 434 888 autem
444 838 471 887 et
482 832 661 889 Metrodorum
674 851 725 888 non
737 834 790 889 lere
802 838 894 904 prater
902 851 963 889 suos
972 835 1040 903 quis-

243 929 320 982 quam
337 910 365 965 in
383 928 473 965 manus
488 910 581 965 sumit:
600 910 638 966 sio
655 910 702 965 hos
721 909 829 966 Latinos
844 910 862 965 ii
878 910 925 965 soli
940 909 1038 980 legunt,

244 988 288 1059 qni
303 986 348 1043 illu
363 991 433 1042 reete
445 985 495 1041 diei
511 991 613 1057 putant.
649 986 732 1042 Nobis
748 991 833 1042 autem
847 986 953 1051 videtur,
967 987 1039 1057 quid-

243 1062 305 1135 quid
325 1063 408 1118 litoris
428 1063 570 1129 mundetur,
589 1063 616 1119 id
636 1062 806 1119 oommendari
823 1063 936 1118 omnium
957 1063 1039 1117 erudi·

243 1145 330 1195 torum
347 1139 449 1195 lectioni
460 1139 557 1195 dooere.
595 1138 660 1205 Neo,
674 1140 696 1194 si
714 1140 740 1193 id
755 1139 804 1209 ipsi
820 1139 903 1193 miuus
919 1139 1040 1209 oonsequi

243 1235 388 1288 possumus,
400 1216 494 1272 idcireo
503 1216 587 1272 minus
598 1216 624 1272 id
636 1217 674 1271 ita
685 1216 829 1271 iaciendum
841 1232 897 1270 esse
906 1215 1037 1269 sentimus.

245 1294 339 1364 Imque
351 1292 413 1347 mihi
425 1310 525 1363 semper
538 1293 766 1363 Peripateticorum
778 1289 971 1361 Academiaeque
980 1304 1060 1349 oon-t

242 1369 354 1425 suetudo
378 1367 410 1424 de
430 1369 547 1425 omnibus
570 1368 647 1425 rebus
671 1370 698 1424 iu
718 1367 857 1424 oontrarias
881 1370 965 1438 partos
986 1366 1037 1421 dis·

243 1444 345 1501 serendi
360 1462 412 1499 uon
423 1444 457 1500 ob
471 1462 528 1499 eam
544 1462 645 1501 oausam
662 1444 745 1501 solum
761 1444 863 1515 placuit,
880 1442 948 1516 quod
963 1443 1037 1499 aliter

243 1538 296 1575 non
311 1527 407 1590 posset,
419 1521 480 1592 qnid
496 1521 523 1576 in
535 1540 586 1576 una
600 1539 701 1592 quaque
718 1540 745 1578 re
761 1520 895 1577 verisimile
907 1524 983 1585 esset,
998 1520 1036 1575 in·

243 1597 342 1660 veniri;
360 1596 405 1652 sed
421 1597 507 1661 etiam,
519 1596 587 1667 quod
603 1602 670 1653 esset
683 1615 713 1653 ea
729 1598 838 1652 maxima
850 1596 949 1653 dioendi
965 1614 1035 1652 exer-

243 1672 349 1727 citatio:
368 1690 418 1743 qua
433 1673 551 1743 prinoeps
565 1692 627 1728 usus
643 1678 684 1729 est
701 1673 859 1741 Aristoteles,
872 1671 962 1728 deinde
977 1690 1035 1727 eum

243 1750 288 1819 qui
303 1749 387 1805 seouti
404 1755 472 1803 sunt.
508 1749 606 1804 Nostra
623 1756 708 1805 autem
727 1749 847 1805 memoria
865 1749 946 1811 Philo,
961 1766 1036 1818 quom

243 1842 290 1878 uos
309 1824 456 1895 frequenter
478 1824 627 1891 audivimus,
648 1825 760 1880 instituit
781 1825 830 1879 alio
848 1828 961 1894 tempore
979 1824 1036 1878 rhe-

243 1904 328 1954 torum
342 1904 468 1971 prmoepta
479 1900 587 1966 tradere,
600 1901 649 1955 alio
662 1900 877 1971 philosophorum.
906 1898 948 1953 Ad
960 1917 1035 1969 quum

243 1993 291 2029 uos
312 1975 520 2031 consuetudinem
542 1994 558 2030 a
578 1975 742 2031 familiaribus
764 1976 858 2030 nostris
879 1974 989 2041 adducti,
1009 1976 1036 2029 in

243 2050 394 2115 Tusculano,
413 2051 481 2123 quod
496 2050 584 2107 datum
602 2056 641 2107 est
658 2051 780 2121 temporis
797 2050 877 2114 nobis,
894 2050 921 2104 in
936 2066 967 2104 eo
978 2067 1035 2105 cou-

243 2127 406 2197 sumpsimua.
428 2128 520 2198 Itaque
529 2146 607 2199 quum
616 2132 677 2181 ante
684 2126 812 2181 meridiem
821 2124 926 2181 dictioni
934 2142 1036 2196 operam

243 2202 409 2268 dedissemus,
429 2204 495 2258 siout
513 2203 594 2274 pridie
611 2205 768 2258 feceramus:
788 2207 845 2273 post
863 2202 991 2259 meridiem
1009 2204 1036 2259 iu

243 2278 405 2334 Aoademiam
423 2278 606 2335 deseendimus.
642 2279 675 2333 ln
690 2296 740 2350 qua
754 2279 950 2351 disputationem
966 2280 1036 2337 babi-

242 2360 295 2409 tam
317 2372 369 2409 non
386 2355 458 2426 quasi
478 2363 610 2411 narrantes
628 2354 785 2425 exponimus,
804 2355 849 2412 sed
870 2356 964 2413 eisdem
982 2356 1035 2413 iero

242 2430 335 2495 verbis,
349 2437 379 2487 ut
391 2437 477 2487 aetum
489 2431 697 2503 disputatumque
708 2437 757 2488 est.

277 2507 328 2561 IV.
347 2507 395 2563 Fst
411 2508 492 2577 igitur
503 2507 691 2563 ambulantibus
706 2508 739 2563 nd
750 2509 818 2564 huno
833 2508 936 2565 modum
952 2525 1035 2565 sermo
1046 2521 1074 2565 lo

241 2582 285 2638 ille
296 2581 371 2637 nobis
387 2584 530 2652 institutus,
542 2589 568 2639 et
581 2601 596 2638 a
607 2584 652 2639 tali
670 2584 777 2654 quodam
793 2584 912 2641 inductus
924 2584 1035 2640 exordio.

241 2660 275 2712 A.
287 2658 346 2713 Diei
358 2677 409 2713 non
421 2663 514 2729 potest,
528 2678 603 2730 quam
615 2659 662 2713 sim
676 2660 795 2715 hesterna
806 2660 978 2731 disputatione
990 2664 1036 2714 tua

243 2733 387 2789 delectatus
399 2736 439 2790 vel
453 2737 536 2805 potius
548 2735 658 2805 adjutus.
685 2736 743 2790 Etsi
755 2736 823 2791 enim
835 2736 897 2790 mibi
908 2753 967 2790 sum
978 2751 1035 2788 oon-

240 2811 318 2874 seius,
330 2830 467 2881 numquam
483 2829 524 2868 me
541 2812 618 2870 nimis
630 2812 758 2887 cupidum
768 2812 855 2869 lutoso
866 2810 950 2866 uitur
963 2813 1063 2860 tomam

231 2885 402 2949 obterebatur
415 2888 555 2949 interdum
576 2893 669 2952 animo
691 2897 787 2951 metus
807 2889 926 2964 quibam
942 2887 974 2937 st.
993 2877 1089 2930 unos„
