2634 3367
490 354 557 401 mn.
576 322 628 400 in.
645 352 719 400 can.
737 352 760 407 4,
772 353 796 399 s.
1003 352 1034 399 ss

238 465 333 521 lumine
349 464 442 519 mentis
458 467 594 529 carentem,
606 461 802 515 nominaverunt
817 458 953 513 amentiam
969 475 1034 512 eam·

239 541 348 610 demque
368 540 527 595 dementium.
564 538 605 592 En
625 555 676 608 quo
696 534 888 607 intelligendum
910 539 958 599 est,
980 552 1032 599 eos,

239 618 284 689 qui
302 618 356 671 haeo
374 615 450 670 rebus
471 615 573 670 nomina
593 615 741 682 posuerunt,
760 611 869 666 sensisse
889 609 938 665 hoo
958 609 1032 675 idem,

238 692 307 763 quod
323 710 339 745 a
355 692 459 745 Socrate
475 694 607 759 aooeptnm
622 688 756 757 diligenter
768 686 847 741 Stoici
862 686 1032 750 retinuerunt,

237 784 325 823 omnes
346 766 493 837 insipientes
513 783 568 819 esse
587 781 638 818 non
655 781 739 818 sanos.
776 762 826 829 Qui
847 762 914 817 enim
934 763 1034 816 animus

237 846 278 897 est
298 844 325 896 in
346 842 430 913 aliquo
450 841 546 908 morbo,
566 838 678 909 (morbos
698 842 782 892 antem
802 838 849 892 hos
870 837 1034 907 perturbatos

236 921 378 981 mutuant
397 916 471 971 modo
489 916 549 980 dixi,
569 913 712 985 philosophi
727 912 865 982 appellant)
883 931 935 968 non
953 914 1034 983 magis

236 999 277 1047 est
290 1010 374 1056 sanus,
388 1010 464 1063 quam
480 990 507 1045 id
518 1008 618 1060 oorpus,
633 988 701 1060 quod
718 989 744 1042 in
755 987 843 1043 morbo
855 992 903 1044 est.
940 989 983 1043 Its
995 989 1032 1053 fit,

236 1072 267 1122 ut
284 1068 408 1137 sapientia
423 1067 519 1122 sanitas
536 1065 571 1120 sit
586 1064 678 1119 animi:
697 1063 843 1133 insipientis
859 1067 943 1118 antem
961 1065 1034 1135 quasi

236 1142 360 1197 insanitas
378 1142 501 1214 quaedam,
520 1142 590 1212 [quse
605 1143 646 1195 est
663 1140 761 1193 insania
778 1138 915 1209 eademque
931 1139 1034 1194 demen-

236 1218 303 1287 tim]
320 1218 451 1289 multoque
468 1216 558 1272 melius
575 1216 629 1271 heo
644 1220 734 1269 notata
751 1218 811 1269 sunt
823 1213 907 1269 verbis
925 1214 1034 1279 Latinis,

237 1312 311 1364 quam
326 1294 435 1349 Grecis:
454 1292 523 1364 quod
534 1292 590 1346 sliis
600 1308 701 1362 quoque
713 1289 800 1345 multis
812 1290 874 1345 loeis
884 1292 1031 1361 reperietur.

238 1368 290 1423 Sed
301 1368 328 1423 id
340 1369 417 1423 alies:
436 1386 513 1429 nuno,
526 1366 593 1439 quod
605 1367 693 1420 instat.
719 1366 813 1420 Totum
826 1366 908 1437 igitur
919 1364 953 1430 id,
967 1365 1034 1436 qnod
1043 1374 1071 1420 ll

237 1444 382 1514 querimus,
403 1444 464 1515 quid
486 1447 513 1499 et
534 1442 608 1514 qusle
627 1443 669 1506 ait,
689 1441 760 1498 verbi
781 1442 820 1497 vis
839 1443 894 1512 ipss
915 1441 1033 1497 declarat

236 1520 290 1576 Eos
307 1520 373 1575 anim
389 1538 464 1575 senos
481 1519 600 1591 quonism
617 1518 725 1589 intelligi
740 1536 844 1574 neoesse
860 1522 907 1584 est,
926 1536 1033 1589 quorum

236 1613 308 1649 mens
321 1599 400 1658 motu,
414 1595 487 1667 quasi
499 1593 594 1659 morbo,
607 1594 757 1664 perturbata
768 1592 839 1648 nullo
848 1593 898 1648 sit:
918 1592 962 1663 qui
973 1610 1034 1647 oon-

236 1679 279 1729 trs
291 1675 376 1729 effecti
391 1679 460 1740 sunt,
472 1675 520 1730 hos
531 1676 632 1729 insenos
644 1674 764 1745 appellari
781 1692 883 1729 neoesse
895 1676 944 1730 est.
981 1674 1033 1728 Its·

237 1768 288 1820 qus
306 1750 370 1805 nihil
387 1750 485 1815 melius,
504 1768 579 1821 quam
597 1750 666 1821 quod
683 1754 722 1806 est
741 1750 767 1803 in
783 1748 965 1805 oonsuetudina
983 1767 1033 1803 ser-

237 1826 320 1881 monis
337 1826 432 1891 Iaatini,
451 1845 530 1896 quum
546 1823 634 1880 'exisse
654 1844 687 1880 ex
708 1829 836 1895 potestate
853 1824 959 1879 dicimus
980 1842 1032 1891 eos,

238 1902 283 1973 qui
294 1901 410 1956 effrenati
419 1902 537 1957 feruntur
546 1907 591 1956 unt
602 1901 707 1957 libidine
719 1905 764 1956 aut
776 1900 912 1955 iraonndia
937 1901 1032 1958 Quem-

237 1995 314 2049 qnsm
331 1977 387 2047 ipsa
402 1977 531 2033 huoundis
546 1977 656 2032 libidinis
674 1980 714 2031 est
732 1994 798 2047 pars.
836 1975 878 2030 Sio
893 1974 959 2029 enim
971 1973 1032 2030 deli-

236 2054 308 2109 nitur
320 2052 457 2118 iruoundia,
474 2053 611 2108 uleisoendi
627 2052 713 2108 hbido.
750 2051 800 2118 Qui
816 2050 895 2121 igitur
906 2049 988 2106 exisse
1000 2068 1031 2105 ex

236 2133 366 2199 potestate
379 2128 506 2194 dicuntur,
525 2128 620 2183 ideireo
636 2127 764 2193 dicuntur,
782 2127 910 2199 quianon
927 2130 988 2180 sunt
1005 2125 1033 2180 in

236 2208 366 2274 potestate
377 2204 478 2269 mentis,
491 2204 533 2259 oui
549 2221 654 2273 regnum
668 2204 748 2257 totius
764 2203 868 2257 animia
883 2205 976 2257 natura
986 2202 1033 2257 tri·

235 2278 327 2336 butum
345 2285 393 2334 est.
430 2281 512 2335 Graeoi
529 2284 615 2333 entem
635 2284 720 2343 μανίαν
737 2278 805 2334 unde
823 2279 958 2350 appellent,
979 2298 1031 2335 non

235 2356 310 2411 faoile
331 2355 446 2412 dixerim.
482 2357 547 2412 Eam
571 2358 657 2410 tumen
677 2356 758 2425 ipsam
779 2355 959 2426 distinguimus
982 2375 1029 2411 nos

235 2430 334 2496 melius,
355 2449 431 2501 quam
450 2432 495 2487 illi.
533 2432 608 2485 Hono
625 2431 692 2485 enim
712 2431 842 2496 insaniem,
865 2450 921 2503 quas
937 2422 1030 2501 junctu

235 2506 352 2562 stultitiae
365 2511 436 2577 patet
454 2507 538 2571 letius,
551 2525 567 2560 u
582 2507 668 2561 furore
680 2506 857 2578 disjungimus.
893 2508 975 2563 Grseoi
987 2526 1031 2561 vo-

235 2580 293 2635 lunt
310 2581 348 2636 illi
366 2583 476 2654 quidem,
496 2582 542 2637 sed
563 2600 650 2651 parum
672 2582 757 2637 valent
778 2582 871 2637 verbo:
892 2601 966 2653 quem
984 2600 1030 2637 nos

235 2656 356 2721 furorem,
373 2663 543 2723 μελαγχολίαν
554 2657 591 2711 illi
606 2661 706 2712 vocant.
743 2658 825 2716 Quasi
843 2676 903 2712 vero
915 2663 970 2711 atra
985 2656 1030 2711 bili

235 2732 318 2786 solum
335 2750 414 2796 mens,
437 2749 466 2786 ao
486 2749 538 2786 non
558 2750 625 2802 sepe
645 2734 685 2788 vel
706 2733 835 2788 iracundie
856 2732 973 2801 meviam
989 2731 1036 2783 uel

235 2809 327 2865 timore
338 2807 379 2862 vel
395 2806 481 2862 dolore
496 2813 645 2865 moveatur:
666 2828 719 2883 qno
737 2827 838 2883 geuene
855 2805 1062 2861 inhnmanum

227 2883 405 2949 Memnona,
423 2884 544 2959 Ajacem,
559 2887 692 2947 Orestem
707 2889 802 2946 luteae
818 2883 957 2940 ditamur·
973 2868 1089 2937 ὼ*
