2634 3367
279 356 324 404 106
412 349 609 403 TUSCULAN.
626 354 924 405 DISPUTATIONUM

277 464 427 528 existimata,
441 464 580 518 videantur.
616 463 659 517 Ita
673 464 703 518 fit
717 466 808 519 sensim
826 464 1005 536 cogitantibus,
1022 468 1059 530 ut,

278 543 400 609 quantum
423 540 458 594 sit
481 539 602 593 ementita
625 539 717 609 opinio,
743 545 869 611 appareat.
905 543 992 612 Atque
1014 541 1061 597 hcc

278 615 343 669 idem
356 618 382 668 et
394 614 494 668 'Pelamo
506 614 547 668 ille
559 613 676 680 declarat,

343 701 387 758 ego
398 714 473 761 quum
485 699 565 761 genui,
576 698 642 761 [tum
653 700 797 748 moriturum
809 700 882 763 scivi]

279 770 306 821 et
318 766 437 835 Theseus,

343 842 437 891 futures
448 860 542 892 meeum
554 843 734 893 odmmentabar
744 844 868 894 miserias:

281 922 307 974 et
327 919 499 991 Anaxagoras,
518 921 630 975 &ubam
653 938 693 975 me
712 925 829 991 potuisse
848 922 990 975 mortalem.
1027 920 1066 975 Hi

281 996 348 1050 enim
365 1013 459 1061 omnes,
472 996 516 1051 diu
533 997 675 1068 cogitantes
692 996 724 1052 de
741 997 817 1052 rebus
833 996 958 1061 humanis,
976 996 1066 1051 intelli·

281 1071 383 1143 gebant,
401 1090 443 1127 eas
460 1091 617 1144 nequaqnam
637 1091 683 1143 pro
703 1073 820 1144 opinione
838 1073 909 1144 vulgi
928 1090 985 1128 esse
1004 1071 1067 1127 exti-

281 1148 434 1204 mescendas.
464 1148 501 1203 Et
512 1148 573 1203 mihi
585 1148 686 1219 quidem
697 1149 798 1204 videtur
809 1148 876 1204 idem
888 1148 941 1203 iere
953 1147 1068 1203 accidere

282 1223 321 1292 iis,
333 1224 377 1295 qni
391 1228 450 1280 ante
461 1225 623 1293 meditantur,
635 1224 703 1296 quod
714 1224 753 1290 iis,
766 1224 857 1294 quibus
870 1223 985 1278 medetur
997 1222 1067 1277 dies:

282 1301 332 1355 nisi
352 1301 419 1371 quod
438 1302 503 1356 ratio
522 1300 635 1373 quadam
656 1305 729 1355 sanat
747 1301 812 1365 illos,
828 1300 875 1355 hos
896 1300 950 1371 ipsa
968 1304 1069 1366 natura,

283 1376 411 1431 intellecto
425 1395 463 1444 eo,
475 1377 543 1447 quod
558 1396 610 1432 rem
627 1377 724 1448 [edium
740 1376 815 1446 illud]
831 1378 952 1441 continet,
965 1376 1067 1440 malum,

284 1452 352 1521 quod
363 1452 494 1523 opinatum
506 1452 539 1506 sit
551 1471 607 1507 esse
619 1452 764 1520 maximum,
775 1469 932 1523 nequaquam
945 1469 1002 1506 esse
1013 1457 1069 1507 tan·

245 1539 275 1584 59
284 1530 347 1591 tum,
368 1531 398 1581 ut
422 1527 498 1582 vitam
522 1526 621 1581 beatam
645 1529 726 1597 possit
749 1532 869 1582 evertere.
908 1528 966 1582 Hoc
990 1527 1071 1598 igitur

284 1602 397 1666 efficitur,
410 1605 440 1656 ut
452 1620 484 1656 ex
499 1602 542 1656 illo
558 1604 719 1672 necopinato
735 1604 810 1674 plaga
825 1603 904 1674 major
918 1603 959 1669 sit,
971 1620 1024 1657 non
1040 1606 1070 1658 ut

283 1677 320 1731 illi
337 1680 436 1746 putant,
449 1681 486 1741 ut,
501 1696 579 1747 quum
596 1676 695 1733 duobus
713 1697 785 1748 pares
803 1696 876 1733 casus
894 1678 1031 1742 evenerint,
1048 1679 1071 1733 is

283 1751 358 1806 modo
376 1751 525 1823 [egritudine
542 1753 672 1817 afficiatur,
691 1754 733 1807 oui
749 1754 790 1808 illc
811 1754 977 1823 necopinato
997 1772 1071 1808 casius

285 1828 405 1883 evenerit.
441 1830 532 1899 Itaque
549 1828 668 1883 dicuntur
685 1830 798 1884 nonnulli
816 1830 844 1884 in
861 1847 972 1894 maerore,
992 1848 1072 1899 quum

285 1904 382 1960 dehac
402 1905 527 1961 communi
547 1905 677 1960 hominum
697 1905 840 1961 conditione
860 1905 1022 1969 audivissent,
1042 1923 1073 1960 ea

285 1981 342 2052 lege
353 1998 408 2035 esse
425 1999 471 2035 nos
483 1985 564 2048 natos,
575 1985 605 2035 ut
621 1999 695 2035 nemo
711 1982 737 2035 in
755 1986 903 2051 perpetuum
915 1998 971 2035 esse
986 1984 1073 2051 posset

286 2076 376 2127 expers
387 2057 453 2121 mali,
466 2058 568 2129 gravius
580 2058 655 2112 etiam
668 2057 764 2112 tulisse.

321 2134 405 2188 XXV.
424 2134 551 2193 Quocirca
560 2132 710 2201 Carneades,
718 2137 748 2187 ut
758 2131 830 2187 video
840 2135 954 2185 nostrum
964 2131 1070 2188 seribere

287 2210 449 2275 Antiochum,
462 2208 644 2280 reprehendere
663 2208 831 2280 Chrysippum
849 2206 954 2272 solebat,
971 2207 1064 2262 laudan

288 2288 340 2339 tem
351 2284 516 2354 Euripideum
528 2302 628 2340 carmen
639 2283 710 2351 illud,

320 2378 347 2424 M
351 2377 430 2423 orttlis
440 2392 511 2424 nemo
521 2384 563 2432 est,
575 2379 648 2438 quem
659 2391 706 2423 non
718 2373 814 2438 attingit
826 2376 900 2433 dolor,

320 2444 479 2507 morbusque;
497 2447 579 2493 multis
590 2444 647 2493 siant
657 2446 775 2495 humandi
785 2444 862 2503 liberi,

320 2514 415 2564 rursum
428 2516 535 2562 creandi:
552 2518 664 2577 morsque
675 2525 711 2563 est
721 2518 788 2564 finita
799 2516 924 2571 omnibus3

321 2603 375 2647 quae
386 2586 466 2648 generi
477 2586 583 2633 humano
593 2583 707 2647 angorem
719 2588 881 2650 nequidquam
893 2586 998 2633 tfferuut.

322 2658 454 2704 Reddenda
465 2665 500 2704 est
511 2668 579 2703 terrae
591 2659 668 2702 terra:
685 2662 738 2703 tum
749 2659 799 2704 vita
810 2657 922 2704 omnibus

322 2729 439 2783 metenda,
451 2735 478 2774 ut
488 2728 575 2787 fruges
609 2723 649 2772 Sic
658 2727 728 2787 jubet
739 2726 883 2774 Necessitas.

249 2818 281 2864 6⁰
290 2810 408 2882 Negabat
425 2827 506 2881 genus
523 2808 572 2861 hoe
587 2808 708 2861 orationis
720 2807 855 2878 quidquam
873 2807 975 2861 omnino
994 2807 1024 2861 ad

279 2886 388 2943 vandum
407 2884 590 2961 egritudinem
604 2883 743 2957 pertinere.
774 2883 984 2949 idemmipsun
993 2883 1021 2935 dr
