2634 3367
425 383 427 387 .
513 344 582 393 LIB.
598 346 629 393 V.
646 344 771 394 CAP.10.
991 352 1036 399 lea

245 451 334 517 Chius,
348 453 393 506 snt
407 452 430 507 si
445 453 545 509 Stoicus
560 455 628 509 Zeno
642 453 744 521 diceret,
756 454 806 525 qui,
818 454 868 509 nisi
879 456 947 526 quod
961 460 1037 530 turpe

245 532 321 596 esset,
339 528 403 583 nibil
420 529 514 584 malum
532 530 644 587 duceret.
680 531 720 585 ua
737 549 805 596 vero,
821 531 976 599 Metrodore,
993 536 1037 606 qui

244 622 320 659 omns
340 604 435 659 bouum
454 606 482 660 in
499 606 637 661 viscenbus
655 606 821 678 medullisque
841 608 990 676 condideris,
1009 616 1036 666 et

244 679 380 747 definieris,
392 698 519 736 summum
534 682 628 737 bonum
639 683 712 737 firma
723 683 834 753 corporis
848 684 981 740 affectione
993 705 1037 741 ex-

243 755 394 825 plorataque
411 775 457 827 spe
474 757 605 825 contineri,
622 758 732 814 fortuna
749 758 833 814 aditus
850 760 1035 818 interemisti?

244 832 306 892 Quo
318 832 412 887 modo?
449 834 505 888 Isto
516 834 582 888 enim
593 834 660 889 bono
669 839 723 905 jam
735 836 868 905 exspoliari
880 841 961 908 potes.

279 908 314 963 X.
332 908 415 979 Atqui
430 909 471 963 his
488 909 623 980 capiuntur
638 911 764 981 imperiti;
785 916 812 967 et
829 918 933 983 propter
948 914 1035 985 hujus·
1044 924 1076 970 28

243 984 314 1039 modi
325 986 465 1040 sententias
473 986 580 1040 istorum
589 986 720 1042 hominum
732 991 772 1042 est
780 988 925 1044 multitudo.
951 992 1036 1046 Aoute

244 1064 332 1114 autem
344 1060 498 1130 disputantis
509 1062 572 1116 illud
583 1066 630 1129 est,
643 1081 702 1132 non,
714 1063 774 1134 qnid
787 1064 893 1134 quisque
905 1065 980 1131 dieat,
991 1066 1036 1122 sed

244 1134 307 1206 quid
319 1136 409 1207 cuique
421 1136 554 1192 dicendum
566 1138 608 1204 sit,
620 1138 713 1194 videre.
743 1138 822 1193 Velut
834 1139 862 1193 in
873 1157 903 1194 ea
913 1140 969 1209 ipsa
980 1160 1036 1196 sen-

243 1211 334 1280 tentia,
354 1230 430 1282 quam
449 1213 477 1267 iu
500 1213 548 1267 hae
568 1212 740 1284 disputatione
763 1213 927 1282 suscepimus,
949 1233 1036 1271 omnes

243 1286 325 1341 bonos
337 1305 437 1357 semper
447 1288 535 1343 beatos
546 1289 662 1344 volumus
675 1308 737 1344 esse.
772 1289 843 1348 Quid
855 1289 935 1344 dicam
947 1291 1035 1358 bonos,

243 1364 407 1433 perspicuum
418 1367 465 1419 est.
493 1364 617 1419 Omnibus
629 1366 696 1419 enim
708 1365 846 1420 virtutibus
858 1366 996 1422 instructos
1009 1372 1036 1422 et

243 1448 348 1494 ornatos
365 1444 422 1494 tum
439 1441 566 1510 sapientes
583 1445 640 1495 tum
654 1441 723 1495 viros
741 1440 821 1495 bonos
840 1441 954 1497 dicimus.
991 1443 1036 1497 Vi-

243 1506 356 1575 deamus,
369 1509 413 1579 qui
424 1508 523 1564 dicendi
535 1511 586 1565 sint
598 1509 675 1565 beati.
711 1510 834 1581 Equidem
851 1510 897 1565 lios
910 1512 1034 1577 existimo,

243 1583 289 1654 qui
305 1584 357 1639 sint
368 1586 396 1639 in
406 1585 487 1653 bonis,
499 1585 568 1640 nullo
580 1586 701 1657 adjuncto
713 1586 786 1641 malo.
821 1587 913 1658 Neque
924 1588 976 1643 ulla
988 1589 1035 1643 alia
1044 1591 1075 1640 29

243 1658 304 1714 huic
322 1660 406 1729 verbo,
423 1680 500 1732 quum
517 1661 620 1717 beatum
638 1662 752 1731 dicimus,
767 1662 883 1734 subjecta
899 1664 970 1719 notio
986 1669 1034 1730 est,

242 1735 302 1800 nisi,
321 1737 425 1791 seeretis
445 1736 517 1791 malis
535 1737 662 1803 omnibus,
680 1740 807 1793 cumulata
827 1738 951 1794 bonorum
967 1757 1035 1794 eom·

242 1811 336 1880 plexio.
366 1812 442 1868 Hanc
454 1815 555 1884 assequi
566 1814 656 1878 virtus,
668 1815 691 1868 si
703 1814 839 1885 quidquam
850 1818 944 1885 prater
954 1814 1035 1884 ipsam

242 1886 306 1943 boni
316 1891 364 1954 est,
375 1907 426 1941 non
438 1893 531 1959 potest.
557 1889 648 1944 Aderit
660 1890 726 1944 enim
739 1889 868 1952 malorum,
882 1889 905 1943 si
916 1888 981 1942 mala
992 1889 1035 1944 illa

243 1963 368 2029 ducimus,
385 1964 461 2019 turba
479 1965 599 2035 quaedam,
617 1969 760 2035 paupertas,
779 1963 931 2033 ignobilitas,
952 1963 1034 2019 humi-

242 2038 311 2102 litas,
324 2039 441 2104 solitudo,
455 2040 556 2095 amissio
572 2058 683 2105 suorum,
697 2057 786 2109 graves
799 2037 896 2093 dolores
913 2041 1032 2109 corporis,

242 2114 344 2184 perdita
354 2114 480 2181 valetudo,
493 2115 617 2180 debilitas,
630 2116 737 2179 caecitas,
750 2115 869 2168 interitus
882 2114 977 2183 patriae,
991 2133 1034 2169 ex-

243 2193 336 2259 silium,
355 2193 464 2248 servitus
485 2193 599 2265 denique.
634 2194 668 2247 In
686 2193 725 2247 his
745 2196 785 2247 tot
804 2196 829 2246 et
847 2193 926 2247 tantis
946 2195 1033 2264 (atque

243 2269 320 2323 etiam
333 2269 405 2339 plura
416 2273 523 2339 possunt
535 2269 658 2337 accidere)
670 2272 754 2339 potest
767 2287 822 2323 esse
834 2270 942 2338 sapiens.
965 2270 1033 2325 Nam

242 2343 298 2399 haec
309 2362 383 2399 casus
400 2345 528 2414 importat,
542 2346 625 2415 quiin
641 2345 780 2415 sapientem
797 2348 882 2414 potest
895 2346 1031 2401 incurrere.

242 2422 281 2475 At
301 2421 324 2475 si
343 2439 373 2475 ea
390 2422 456 2475 mala
476 2425 543 2485 sunt,
563 2421 619 2491 quis
640 2425 725 2490 potest
746 2425 872 2491 praestare,
893 2423 1032 2492 sapientem

243 2515 343 2567 semper
353 2496 456 2552 beatum
469 2496 530 2561 lore,
544 2515 621 2567 quum
633 2497 674 2551 vel
685 2498 713 2551 in
728 2498 844 2553 omuibus
855 2497 895 2552 his
907 2515 958 2552 uno
969 2502 1031 2552 tem·

242 2591 304 2644 pore
325 2591 381 2627 esse
401 2573 501 2643 possit?
537 2573 598 2626 Non
621 2572 701 2642 igitur
721 2573 793 2627 facile
817 2573 926 2628 concedo
949 2584 1071 2644 nequeao

241 2651 326 2703 Bruto
340 2666 403 2713 meo,
416 2666 498 2719 neque
510 2648 684 2703 communibus
698 2649 833 2719 magistris,
845 2665 891 2702 nee
903 2648 1030 2703 veteribus

241 2724 300 2788 illis,
324 2724 464 2788 Aristoteli,
490 2724 638 2794 Speusippo,
663 2724 806 2789 Xenocrati,
830 2723 968 2788 Polemoni,
993 2726 1033 2790 ut,

242 2818 321 2870 quum
342 2817 378 2864 θα,
400 2818 457 2872 quae
477 2818 556 2874 supra
575 2800 736 2868 enumerari,
751 2800 786 2855 ‘ru
803 2798 884 2853 mstis
899 2799 1068 2868 nemeaea,=

229 2873 308 2927 iidem
321 2874 409 2933 dicant
426 2896 534 2954 semper
548 2880 662 2940 beatum
681 2899 743 2938 esse
758 2876 925 2950 sapientem„
955 2868 1039 2927 <spes
1052 2873 1087 2905 su
