2634 3367
268 341 315 389 iss
408 332 923 384 TuchLsN.D1srunsT10NUm

267 450 300 506 lis
317 450 344 504 in
362 449 410 504 hoc
428 447 526 517 flagitio
543 446 639 502 versari
654 446 737 517 ipsum
753 445 869 502 videmus
885 445 988 502 Jcrena
1022 444 1064 501 Ad

269 526 404 595 magistros
416 523 528 587 virtutis,
543 523 714 594 philosophos,
726 522 872 577 veniamus:
891 522 937 592 qui
952 539 1063 577 amorem

268 607 364 673 negant
378 600 462 669 stupri
476 616 540 663 esse,
552 603 580 653 et
596 599 624 653 in
641 616 672 653 eo
689 599 793 669 litigant
809 616 866 653 cum
878 597 1002 669 Epicuro,
1014 615 1065 652 non

269 677 386 743 multum,
398 678 429 729 ιιι
440 673 525 743 opinio
541 692 598 728 mee
608 674 668 737 sert,
680 675 828 729 mentiente.
865 674 933 732 Quis
944 680 987 729 est
998 674 1064 729 enim

269 754 319 808 iste
348 769 419 806 amor
441 749 577 805 amicitie?
619 749 674 804 Cur
697 768 778 821 neque
802 749 941 805 deformem
970 749 1065 804 adoles-

270 832 368 885 centem
382 827 514 898 quisquam
527 829 595 879 amat
611 844 693 897 neque
705 826 843 881 formosum
856 826 962 881 senem?
999 825 1065 881 Mihi

271 904 373 976 quidem
391 903 445 958 hec
462 904 489 957 in
507 902 652 957 Gracorum
671 902 808 973 gymnasiis
827 906 889 956 nata
906 902 1065 958 consuetudo

270 980 388 1036 videtur:
406 978 538 1050 inquibus
555 978 599 1033 isti
612 978 687 1033 liberi
703 984 730 1033 et
747 978 860 1035 concessi
877 983 940 1034 sunt
957 996 1064 1035 amores.

270 1056 342 1112 Bene
354 1073 416 1126 ergo
428 1054 534 1122 Ennius,

331 1160 428 1222 Fltgitii
440 1156 586 1223 principium
597 1164 640 1216 est,
651 1159 743 1207 nudare
753 1159 817 1207 luter
827 1158 887 1206 civis
898 1156 1008 1222 odrpors.

273 1267 334 1333 Qui,
352 1271 383 1322 ιιι
407 1267 467 1333 sint,
486 1266 555 1338 quod
574 1266 629 1322 fieri
651 1284 727 1338 posse
747 1266 828 1332 video,
847 1266 942 1336 pudici,
964 1266 1063 1324 solliciti

273 1347 360 1398 tamen
379 1345 406 1398 et
426 1344 495 1398 anxii
515 1349 591 1398 sunt:
615 1361 696 1415 ecque
713 1342 801 1414 magis,
820 1343 890 1414 quod
908 1343 988 1415 seipsi
1008 1362 1062 1400 con·

233 1419 357 1484 71tiuent
371 1421 397 1473 et
414 1422 540 1473 coercent.
576 1420 669 1490 Atque,
682 1424 713 1475 ut
728 1418 863 1475 muliebres
880 1437 981 1476 amores
993 1421 1063 1476 omit·

273 1500 334 1559 tam,
344 1494 435 1565 quibus
445 1494 564 1565 majorem
575 1495 702 1550 licentiam
711 1501 803 1550 natura
811 1499 945 1562 concessit,
954 1497 1013 1568 quis
1022 1500 1062 1552 aut

273 1568 305 1623 de
318 1569 457 1640 Ganymedi
469 1577 545 1639 raptu
556 1570 665 1639 dubitat,
678 1573 738 1643 quid
750 1575 831 1643 poete
843 1572 938 1627 velint:
957 1577 1004 1628 aut
1016 1590 1063 1628 non

272 1644 399 1714 intelligit,
419 1644 479 1714 qnid
500 1646 568 1715 apud
585 1646 731 1717 Euripidem
750 1652 777 1702 et
797 1647 917 1717 loquatur
934 1652 962 1703 et
980 1650 1063 1719 cupiat

273 1720 372 1775 Laius?
390 1720 452 1792 quid
460 1720 567 1792 denique
576 1721 690 1777 homines
700 1724 839 1779 doctissimi
847 1728 874 1778 et
883 1724 977 1779 summi
985 1730 1063 1796 poeta

274 1796 306 1852 de
318 1797 406 1867 seipsi
418 1801 445 1852 et
456 1798 609 1853 carminibus
624 1798 702 1853 edant
717 1804 744 1855 et
756 1800 892 1856 curitibusl>
928 1800 1016 1858 Fortis
1028 1802 1064 1857 vir

273 1875 302 1929 in
319 1892 365 1929 sua
376 1873 505 1945 republica
516 1875 641 1945 cognitus,
656 1894 711 1946 quae
725 1876 756 1931 de
766 1877 889 1948 juvenum
903 1895 990 1933 amcre
1006 1878 1063 1934 scri·

274 1949 313 2006 bit
325 1951 443 2007 Alenus!
479 1951 548 2005 Nam
559 1953 727 2007 Anacreontis
740 1953 840 2023 quidem
858 1957 914 2007 tota
930 1956 1016 2024 poesis
1027 1957 1064 2010 est

274 2028 403 2083 amatoria
438 2027 553 2083 Maxime
566 2046 624 2084 vero
636 2029 746 2083 omnium
762 2029 882 2100 flagrasse
898 2048 985 2086 amore
997 2032 1065 2087 Rus

273 2104 362 2175 ginum
374 2104 489 2175 Ibycum,
501 2109 605 2176 apparet
618 2123 651 2160 ex
663 2105 771 2176 scriptis.

309 2180 435 2235 XXXIV.
465 2183 551 2252 Atque
574 2182 665 2236 horum
695 2182 806 2236 omnium
835 2180 985 2238 libidinosos
1011 2201 1066 2240 esse

274 2272 372 2309 amores
384 2256 507 2311 videmus.
543 2256 691 2327 Philosophi
708 2276 796 2312 sumus
812 2258 903 2325 exorti,
919 2261 947 2314 et
963 2265 1066 2316 auctore

274 2331 375 2401 quidem
393 2335 481 2385 nostro
499 2332 613 2397 Platone,
631 2352 706 2403 quem
723 2352 774 2389 non
792 2334 885 2405 injuria
902 2336 1066 2392 Dicaearchus

234 2411 384 2473 yyaccusat,
405 2408 449 2477 qui
470 2409 549 2463 amori
572 2411 749 2466 auctoritatem
773 2412 950 2469 tribueremus.
987 2413 1067 2469 Stoici

273 2501 334 2540 vero
352 2486 379 2537 et
397 2483 536 2553 sapientem
555 2491 697 2542 amaturum
715 2506 771 2543 esse
789 2489 893 2544 dicunt:
912 2493 939 2544 et
956 2508 1067 2545 amorem

273 2560 358 2631 ipsum
381 2565 500 2615 conatum
523 2562 641 2617 amicitie
664 2564 789 2619 faciundae
812 2583 843 2620 ex
872 2564 1066 2635 pulchritudinis

273 2638 357 2708 specie
369 2636 500 2692 definiunt.
536 2638 586 2703 Qui
604 2639 626 2694 si
638 2640 695 2710 quis
707 2646 747 2695 est
765 2641 792 2695 in
803 2660 888 2696 rerum
904 2646 997 2697 natura
1012 2644 1066 2698 sine

274 2713 441 2779 solicitudine,
455 2713 509 2768 sine
524 2712 657 2780 desiderio,
671 2716 805 2782 sinerum,
819 2718 873 2773 sine
888 2718 1013 2788 suspirio:
1033 2720 1066 2773 sit

262 2809 333 2847 sane.
376 2792 456 2849 Vacat
477 2790 546 2849 enim
567 2791 639 2848 omni
656 2791 780 2847 libidines
799 2792 858 2847 lieo
878 2798 965 2846 sutem
982 2794 1015 2847 de
1038 2795 1067 2849 li-

249 2866 343 2929 bidine
360 2873 450 2933 oratio
467 2878 522 2934 est.
559 2872 612 2931 Sin
629 2873 722 2930 autem
738 2871 783 2925 est
799 2867 894 2937 ιιιιιιιιιι
907 2871 1031 2925 amorrui·
1043 2870 1085 2917 &b
