2634 3367
487 336 556 384 LlB.
574 337 595 385 1.
614 336 688 384 cAP.
709 338 745 392 ll,
760 337 797 383 12.
1006 338 1033 385 ll

243 466 342 503 morum
364 448 496 519 explicate,
519 465 595 511 nunc,
617 447 639 501 si
660 446 769 511 videtur,
791 446 854 512 hoo3
878 444 941 501 illud
964 445 1034 501 elies.

245 527 283 577 M.
297 525 371 589 Quod
390 524 462 578 melle
480 529 507 579 te
524 524 648 592 intelligo,
667 523 694 577 id
713 527 777 594 pum
796 540 852 577 esse
869 523 1033 579 commodius.

242 602 342 656 Efficiet
355 601 421 655 enim
438 603 510 667 retio,
523 605 561 666 ut,
575 618 743 671 quecumque
756 617 815 654 vere
831 599 866 653 sit
878 617 964 654 eernm
976 618 1034 655 sen·

241 678 388 742 tertiarum,
402 696 465 747 ques
483 677 597 748 exposui,
610 694 679 730 mors
691 679 736 730 ent
753 675 846 729 melum
863 693 915 729 non
932 676 974 741 sit,
987 681 1032 731 aut

241 755 276 808 sit
294 754 388 808 bonum
406 754 500 824 potius.
536 754 605 807 Nem
623 752 645 807 si
662 770 705 806 cor
723 757 768 807 ent
784 752 889 822 sanguis
905 756 950 806 eut
966 762 1072 810 cere-²4

241 829 315 884 brum
332 835 372 884 est
390 830 504 896 unimue3
523 833 600 893 certe,
617 828 737 898 quoniam
749 832 789 883 est
805 845 905 898 corpus,
917 828 1032 884 interibit

239 924 299 960 cum
319 906 415 977 reliquo
433 924 545 976 corpore.
582 905 609 959 si
628 905 713 959 unium
730 909 778 968 est,
797 904 906 959 fortusse
926 903 1032 974 dissipe·

239 981 325 1037 bitur:
347 982 369 1036 si
390 982 464 1052 ignis,
486 983 680 1051 exstinguetur:
706 981 729 1036 si
748 986 789 1035 est
811 981 956 1035 Aristoxeni
974 980 1032 1035 hur·

238 1058 331 1124 monis,
354 1058 515 1112 dissolvetur.
553 1058 621 1123 Quid
644 1057 676 1112 de
700 1056 848 1111 Diceserchc
872 1056 962 1121 dicem
987 1056 1031 1126 qui

238 1134 303 1187 nihil
319 1134 422 1188 omnino
434 1136 546 1188 animum
558 1133 626 1189 dicet
638 1135 714 1189 esset
741 1133 792 1187 Hie
805 1132 939 1186 sententiis
951 1134 1031 1187 omni·

238 1208 287 1264 bne
299 1209 363 1264 nihil
379 1214 439 1280 post
452 1221 564 1268 ,mortem
575 1210 704 1280 pertinere
715 1208 748 1263 ed
766 1226 916 1279 quemqnam
930 1211 1029 1278 potest:

237 1286 335 1355 pariter
346 1288 412 1341 enim
425 1305 483 1341 cum
496 1287 549 1341 rite
560 1304 650 1341 sensus
668 1285 811 1340 emittitur:
830 1301 882 1338 non
898 1283 1031 1339 sentientis

237 1368 334 1424 eutem,
346 1362 409 1416 nihil
425 1366 473 1427 est,
486 1362 563 1417 ullam
579 1363 607 1417 in
619 1366 716 1433 purtem
730 1360 799 1433 qnod
815 1360 925 1416 intersit.
960 1359 1030 1415 Reli·

236 1454 346 1507 quorum
367 1438 501 1493 sententie
521 1457 593 1509 spem
611 1439 728 1503 afferunt,
748 1437 771 1493 si
791 1441 818 1492 te
835 1437 903 1492 forte
921 1436 969 1491 hoo
986 1436 1029 1491 ‹le-

210 1506 217 1518 '
235 1511 324 1581 lectet,
336 1530 412 1583 posse
428 1514 533 1578 enimes,
547 1532 625 1584 quum
637 1532 652 1568 e
664 1513 811 1584 corporibus
824 1512 989 1578 excesserint,
1001 1513 1029 1567 in

235 1588 333 1655 caelum,
352 1589 424 1659 quesi
444 1590 471 1643 in
488 1588 641 1645 domicilium
660 1608 742 1656 suum,
761 1589 901 1660 pervenire.
937 1591 969 1643 A.
982 1590 1028 1644 Me

234 1682 296 1719 vero
317 1663 443 1719 delectet:
461 1665 665 1737 idque-primum
682 1667 719 1721 lte
738 1684 794 1721 esse
815 1666 908 1729 velim;
929 1663 1026 1729 deinde,

233 1740 344 1796 etiamsi
356 1759 408 1795 non
419 1742 461 1807 sit,
471 1742 533 1796 mihi
546 1741 692 1813 persuaderi
704 1748 790 1798 temen
799 1741 884 1797 velim.
909 1741 947 1796 M.
957 1741 1028 1800 Quid

233 1816 283 1871 tibi
295 1835 357 1887 ergo
368 1835 446 1887 opere
460 1822 550 1872 nostre
565 1836 629 1888 opus
641 1820 703 1874 esti
727 1820 796 1874 Num
810 1816 955 1889 eloquentie
970 1816 1027 1871 Ple·

232 1895 321 1946 tonem
334 1911 453 1962 superero
465 1896 620 1963 possumne?
644 1894 740 1950 Evolve
753 1895 888 1964 diligenter
899 1892 956 1963 ejus
968 1911 1027 1949 eum

231 1968 335 2032 librum,
347 1969 392 2039 qui
403 1975 443 2024 eet
455 1970 486 2024 de
498 1970 599 2026 enimc:
617 1970 724 2042 emplius
737 1970 805 2041 quod
817 1969 952 2035 desideres,
964 1970 1028 2026 nihil

231 2044 290 2098 erit.
327 2046 359 2097 A.
368 2045 427 2100 Feci
444 2046 594 2112 mehercule,
607 2051 634 2102 et
651 2046 752 2117 quidem
766 2046 866 2115 sepius,
878 2044 922 2099 sed
939 2046 1025 2101 nescio

231 2138 284 2190 quo
302 2120 385 2182 modo,
397 2121 457 2175 dnm
474 2122 539 2193 lego,
552 2124 692 2188 assentior;
711 2141 789 2192 quum
802 2122 876 2193 posui
893 2120 984 2177 librum
997 2127 1024 2177 et

229 2214 331 2250 mecum
347 2196 403 2266 ipse
413 2198 446 2252 de
459 2198 650 2254 immortalitate
666 2198 805 2253 animorum
822 2199 887 2270 coepi
902 2199 1020 2269 cogitem,

229 2272 344 2326 assensio
356 2273 438 2326 omnis
453 2273 496 2349 ille
507 2274 624 2329 elabitur.
662 2274 699 2329 M.
710 2274 780 2333 Quid
796 2275 863 2331 hoel
888 2274 966 2329 desne
977 2280 1022 2332 eut
1032 2288 1063 2336 25

228 2365 332 2402 manere
351 2349 447 2404 animos
465 2355 523 2419 post
542 2358 657 2416 mortem,
671 2355 716 2406 eut
728 2356 810 2407 morte
827 2352 882 2422 ipse
898 2351 1021 2407 interiret

228 2425 262 2477 A.
276 2424 320 2478 Do
339 2442 407 2479 vero
443 2426 484 2479 M.
494 2425 572 2490 Quid,
595 2427 618 2481 si
636 2428 776 2483 meneentl
806 2430 838 2482 A.
850 2428 945 2482 Beetos
966 2446 1022 2484 esee

227 2498 348 2554 concedo.
384 2500 422 2555 Μ.
433 2501 460 2554 Si
472 2501 619 2557 intereant?
648 2505 681 2558 A
691 2504 820 2559 Nonesse
833 2504 946 2567 miseros,
960 2522 1022 2573 quo·

226 2575 296 2629 niam
308 2594 341 2630 ne
353 2575 405 2631 sint
417 2576 526 2647 quidem,
538 2596 597 2631 nem
609 2578 686 2643 istud,
700 2580 782 2634 ccecti
794 2584 853 2641 ete,
866 2578 950 2649 paullo
962 2584 1021 2634 ente

226 2653 407 2707 concessimus.
444 2654 484 2707 M.
497 2654 557 2712 Quo
578 2654 653 2709 modo
675 2655 764 2727 igitur,
781 2659 827 2711 ent
847 2674 895 2710 our
913 2660 1034 2708 mortem

225 2727 321 2781 melum
343 2728 390 2783 tibi
411 2728 490 2785 videri
512 2729 665 2807 dicisque
685 2738 736 2791 eut
751 2733 854 2791 uentos
873 2749 928 2785 nos
944 2726 1059 2783 Μὰ

217 2803 310 2856 animis
319 2806 494 2876 manentibus,
508 2816 558 2868 eut
571 2832 628 2872 non
640 2816 770 2883 miseros,
783 2796 1037 2881 seusnonrentsst
1111 2862 1127 2881 e

240 2876 305 2929 ΧΠ
325 2882 358 2933 Α
369 2882 489 2956 E¹P0110
507 2890 607 2966 lgllun
628 2898 689 2956 nisi
707 2895 871 2955 molestum
888 2886 949 2943 est
961 2870 1094 2941 offiffi
1095 2877 1128 2914 ‘⁴
