2634 3367
383 332 415 376 34
522 326 719 374 TUSCULAN.
737 324 1034 372 DISPUTA'I'IONUM

382 435 469 489 Mul-‘a
486 435 553 489 enim
570 452 585 487 e
601 452 706 502 corpore
722 436 857 497 exsistunt,
871 452 927 504 quae
939 441 1030 488 acuant
1047 452 1104 487 meu

382 511 471 577 multa,
484 528 540 579 quae
557 510 709 564 obtundant.
745 510 897 565 Aristoteles
916 510 1015 581 quidem
1035 510 1104 563 aito

382 586 527 657 ingeniosos
548 585 739 640 melancholicos
761 605 833 641 esse:
858 590 888 640 ut
909 604 957 655 ego
979 604 1019 639 me
1040 586 1106 640 tardi

383 681 439 717 esse
462 680 514 716 nou
537 661 643 716 moleste
667 662 753 717 teram
797 663 937 716 Enumerat
960 662 1069 717 multos:
1100 662 1105 717 i

383 737 455 807 quasi
478 740 587 803 constet,
609 737 742 802 rationem,
762 755 809 793 cur
828 738 865 792 ita
888 738 940 802 fiat,
962 737 1042 792 affert.
1080 739 1103 803 Q

382 819 456 869 tauta
467 815 505 869 nis
521 818 561 869 est
577 814 610 869 ad
626 815 742 869 habitum
759 816 852 870 mentis
868 815 896 868 iu
912 814 951 878 iis,
965 833 1020 884 quae
1036 814 1105 885 gigni

382 892 410 945 iu
430 908 551 962 corpore:
582 892 624 960 (es
645 894 706 946 suut
727 895 820 955 autem,
843 908 1007 960 quaecumque
1031 896 1100 958 suut,

383 967 573 1022 similitudinem
596 966 725 1035 faoiuut:)
757 966 821 1021 nihil
844 966 1002 1020 necessitatis
1026 967 1105 1035 affert,

344 1056 372 1104 tl
384 1048 503 1099 nascatur
532 1043 609 1098 animi
638 1041 785 1099 similitudo.
830 1042 927 1096 Omitto
953 1040 1105 1097 dissimilitas

385 1120 482 1175 Vellem
499 1121 587 1175 adesse
602 1122 690 1190 posset
702 1118 846 1173 Panaetius:
867 1118 942 1187 (vixit
958 1136 1016 1173 oum
1028 1120 1105 1174 Atrio

384 1216 520 1267 quaererem
540 1215 573 1251 ex
590 1214 628 1261 eo,
641 1200 716 1267 eujus
733 1213 838 1250 suorum
853 1195 941 1249 similis
960 1195 1050 1249 luisset
1062 1196 1105 1249 An

384 1274 470 1328 iratus
486 1291 573 1343 nepos,
590 1272 654 1327 faeie
666 1272 707 1327 vel
723 1271 810 1341 patris,
823 1271 877 1325 vita
892 1271 1004 1324 omnium
1021 1270 1105 1341 perdit

384 1349 422 1403 ita
444 1349 540 1413 similis,
564 1351 595 1402 ut
616 1351 684 1403 esset
705 1347 779 1402 facile
802 1346 961 1401 deterrimus.
999 1348 1077 1417 Cujus
1101 1368 1105 1399 ι

385 1424 473 1478 similis
493 1424 524 1478 P.
537 1424 628 1488 Crassi,
647 1431 674 1478 et
698 1423 819 1493 sapientis
844 1426 871 1476 et
895 1423 1035 1493 eloquentis
1056 1426 1083 1477 et
1103 1441 1105 1491 ᾖ

385 1498 500 1565 hominis,
512 1516 592 1568 nepos
603 1498 791 1569 multorumque
804 1497 910 1552 aliorum
923 1499 1033 1553 virorum
1045 1498 1105 1554 elan

385 1594 448 1647 quos
464 1576 527 1629 nihil
543 1576 636 1630 attinet
651 1575 788 1642 nominare,
800 1580 905 1645 nepotes
923 1579 950 1630 et
966 1577 1018 1631 filii.
1055 1577 1105 1631 Sed

385 1652 504 1722 agimusl
540 1651 650 1705 Oblitine
669 1669 764 1716 sumus,
777 1651 826 1704 hoo
841 1669 909 1707 nuno
925 1653 997 1707 nobis
1014 1671 1069 1707 esse
1088 1672 1104 1723 p

385 1728 471 1792 situm,
497 1746 575 1797 quum
605 1728 667 1781 satis
698 1726 729 1781 de
752 1728 895 1782 aeternitate
919 1728 1077 1798 dixissemus,
1101 1748 1105 1783 1

385 1804 519 1858 interirent
532 1803 634 1874 quidem
650 1802 735 1867 animi,
749 1802 884 1873 quidquam
899 1805 959 1859 mali
971 1823 1026 1859 esse
1038 1806 1065 1858 in
1077 1824 1105 1859 m

386 1880 418 1933 A.
430 1882 487 1950 Ego
496 1897 556 1933 veno
568 1879 744 1933 memineram:
764 1878 809 1932 sed
820 1883 847 1932 te
859 1878 890 1933 de
902 1880 1044 1935 aeternitate
1054 1880 1105 1936 dios

386 1956 502 2011 aberrare
515 1973 530 2009 a
541 1955 672 2027 proposito
684 1954 757 2009 facile
769 1954 890 2023 patiebar.

347 2038 378 2085 82
421 2032 548 2087 XXXIV.
567 2032 605 2086 Μ.
615 2031 698 2086 Video
710 2035 737 2085 te
749 2031 799 2085 ulte
811 2035 926 2101 spectare
938 2035 964 2087 et
977 2032 1040 2087 velle
1052 2033 1079 2087 iu
1091 2051 1105 2088 o

386 2108 504 2178 migrare.
540 2110 572 2162 A
592 2109 671 2179 Spero
689 2108 751 2172 fore,
770 2111 800 2162 ut
819 2108 950 2178 contingat
968 2108 994 2162 id
1011 2109 1091 2164 nobis.

387 2183 435 2247 fao,
448 2188 478 2237 ut
491 2183 535 2237 isti
545 2184 642 2251 volunt,
655 2184 752 2238 animos
770 2201 821 2237 nou
832 2202 962 2238 remanere
980 2190 1039 2254 post
1057 2204 1105 2239 moi

387 2259 457 2313 vides
469 2277 524 2324 uos,
537 2259 560 2313 si
571 2259 609 2313 ita
620 2260 662 2326 sit,
674 2259 768 2330 privari
779 2277 824 2329 spe
836 2260 955 2315 beatioiis
967 2262 1034 2316 vitae.
1065 2261 1104 2315 M.

388 2353 448 2389 vero
461 2335 521 2405 quid
533 2335 606 2389 affert
624 2337 675 2389 ista
692 2336 838 2390 sententia?
874 2336 925 2391 Fae
937 2337 1003 2391 enim
1021 2338 1057 2392 sio
1069 2341 1105 2393 aii

388 2410 500 2475 interire,
510 2415 540 2465 ut
553 2428 659 2480 eorpus:
679 2429 739 2464 num
752 2410 831 2480 igitur
841 2412 930 2483 aliquis
942 2413 1013 2468 dolor
1022 2420 1067 2468 aut
1079 2432 1105 2469 01

388 2491 572 2557 postmortem
590 2505 680 2541 seusus
697 2488 840 2555 incorpore
853 2490 912 2542 estl
948 2491 1029 2544 Nemo
1041 2491 1067 2545 id
1080 2510 1105 2561 qi

389 2562 465 2627 dicit;
482 2563 531 2616 etsi
541 2563 715 2617 Democritum
724 2562 854 2617 insimulat
863 2564 988 2633 Epicurus
996 2589 1003 2631 ;
1017 2568 1105 2621 Demo<

388 2641 491 2707 negant.
528 2639 569 2692 Ne
589 2639 616 2692 in
636 2639 720 2693 animo
738 2638 839 2709 quidem
857 2639 937 2707 igitur
955 2661 1043 2696 seusus
1061 2662 1105 2698 reu

389 2714 450 2781 Ipse
468 2714 532 2768 euim
551 2733 675 2784 nusquam
694 2720 741 2770 est.
779 2715 833 2770 Ubi
846 2716 926 2785 igitur
938 2718 1029 2772 malum
1046 2723 1100 2785 est3

369 2788 445 2840 mam
460 2791 532 2845 mliii
547 2793 654 2847 tertium
675 2794 736 2850 est?
767 2794 816 2862 An,
831 2793 949 2865 quoniam
966 2795 1020 2863 ipse
1038 2796 1104 2849 anim

350 2870 450 2915 ww
462 2882 481 2919 a
498 2886 614 2941 eotpote
629 2891 688 2933 uon
706 2875 740 2935 fit
760 2874 818 2935 siue
835 2870 947 2932 doluxe‘t
979 2872 1023 2927 ot
1039 2870 1105 2926 onem
