2634 3367
360 335 392 382 4⁸
497 329 1014 380 TUSCULAN.DISPUTAT10NUM

196 491 199 518 z
307 450 350 499 111
361 442 438 497 Hono
453 439 604 495 seutentiam
622 438 764 509 siguificare
783 438 885 493 videtur
903 438 1013 494 Laeouir
1032 438 1077 494 illa
1094 457 1144 505 vor

361 517 412 589 qui,
432 534 511 587 quum
538 514 656 569 Rhodius
678 515 811 585 Diagoras,
836 513 1023 585 Olympionices
1052 514 1144 581 nobilio

360 611 412 648 uuo
435 591 477 647 die
505 590 556 646 duo
582 608 642 645 uuor
670 590 735 646 filios
758 591 868 645 victores
890 590 1015 660 Olympio
1038 590 1144 654 vidisset

360 668 467 724 aooessit
490 667 523 722 od
546 685 639 732 renem,
664 671 691 722 et
714 667 865 737 gratulatus,
892 666 1003 731 Morere,
1032 666 1144 739 Diagora

360 743 458 817 inquil:
484 743 626 798 nonenim
649 742 677 797 in
699 743 787 798 eoelum
812 760 962 798 recensurus
985 760 1022 797 ee.
1056 743 1144 813 Magm

360 822 423 886 haeo,
435 824 463 876 et
474 820 579 875 nimium
595 819 705 874 fortasse
721 818 803 874 Grreoi
819 823 919 889 putant,
937 817 978 873 vel
994 821 1052 873 ium
1068 819 1144 889 polim

361 896 493 969 putabunt,
502 896 582 967 isque,
595 896 640 967 qui
654 895 704 950 hoo
715 895 835 966 Diagorae
844 894 915 959 dixit,
929 911 1095 965 permagnum
1111 914 1144 950 er

361 974 485 1039 iatiumm,
498 977 551 1027 lree
567 971 752 1042 Olympionicas
768 988 820 1025 una
834 988 850 1026 e
866 969 940 1025 domo
956 969 1065 1040 prodire,
1078 988 1144 1026 euno

361 1050 412 1104 tari
433 1049 505 1104 illum
528 1048 624 1103 diutius
647 1049 675 1102 in
698 1048 758 1113 vila,
778 1047 887 1102 fortune
907 1046 1044 1115 objectum,
1064 1046 1144 1102 inutile

362 1125 469 1198 putabat
480 1126 538 1196 ipai.
575 1126 632 1196 Ego
643 1127 728 1179 eutem
740 1122 788 1178 tibi
799 1122 900 1195 quidem
912 1122 979 1194 quod
996 1123 1060 1178 sotis
1078 1127 1144 1178 erret

363 1205 451 1275 pouoia
474 1202 565 1271 verbio,
588 1206 619 1256 ut
643 1200 705 1254 mihi
728 1198 837 1263 videbar,
862 1198 1050 1269 responderam.
1088 1200 1144 1253 Con

363 1298 476 1335 oesreraa
490 1279 556 1334 enim
572 1277 642 1332 nullo
659 1277 687 1331 iu
702 1274 768 1330 malo
779 1279 892 1331 morluoa
905 1294 978 1341 esse3
996 1274 1042 1330 red
1053 1274 1087 1330 ob
1099 1292 1144 1329 eeu

364 1373 466 1411 eausam
478 1354 604 1417 contendi,
617 1357 647 1407 ut
658 1352 732 1422 pluro
743 1351 860 1418 diaetam,
873 1351 941 1424 quod
952 1352 980 1407 in
991 1350 1117 1406 desiderio
1128 1366 1144 1404 e⁴

363 1431 436 1485 lueto
456 1430 511 1484 luae
531 1433 571 1483 eat
587 1427 727 1482 oousolotio
743 1428 859 1483 maxima
894 1428 1020 1498 Nostrum
1041 1426 1110 1481 euim
1128 1442 1144 1480 e

363 1510 453 1559 nostre
463 1521 540 1559 eausa
551 1506 697 1572 rusoeptum
709 1501 821 1558 dolorem
832 1503 930 1559 modice
942 1503 1008 1558 ferre
1024 1502 1144 1557 debemur

364 1601 398 1638 ue
413 1581 580 1651 nosmetipeoa
596 1598 680 1636 amaro
697 1579 835 1636 videamur.
870 1583 919 1638 Illa
937 1581 1047 1651 suspirio
1064 1581 1144 1636 intole

365 1659 438 1714 rabili
457 1657 542 1712 dolore
561 1657 665 1722 eruoial,
685 1656 708 1711 si
726 1657 859 1728 opinamur
878 1676 930 1723 eos,
955 1657 1047 1729 quibua
1072 1658 1144 1712 orbat

365 1753 461 1799 eumue,
474 1751 530 1790 esre
541 1751 599 1789 oum
611 1733 696 1804 aliquo
707 1751 785 1788 aenou
796 1734 822 1788 in
837 1735 869 1790 iia
881 1734 960 1799 malis,
973 1732 1066 1804 quibua
1079 1734 1144 1804 vulg<

364 1810 508 1942 ppdiinantssr
544 1810 762 1941 Hmofuexfourtlgp
785 1810 925 1941 grinionem
950 1809 1064 1865 mihimet
1088 1809 1144 1865 volu

421 1906 445 1943 er
497 1904 604 1958 ;eoque
643 1905 652 1940 1
675 1904 691 1941 o
758 1904 773 1942 e
810 1905 890 1958 ugror.

315 1978 360 2025 112
401 1964 515 2019 XLVIL
540 1964 571 2018 L
588 1963 628 2018 'Pu
644 1963 763 2034 longiori
781 1963 842 2018 Non
859 1962 921 2017 mihi
938 1961 1047 2033 quidem.
1083 1961 1144 2016 Prio

367 2041 434 2097 enim
454 2059 513 2112 perr
533 2040 654 2096 orationis
677 2044 731 2095 tuoe
752 2038 868 2103 faciebat,
888 2042 918 2093 ut
941 2037 1005 2092 mori
1023 2054 1142 2104 euperem

367 2120 500 2188 posterior,
522 2121 552 2172 ut
569 2118 644 2173 modo
660 2135 713 2172 uon
729 2116 830 2181 nollem,
848 2116 924 2169 modo
941 2131 993 2168 nou
1009 2112 1144 2170 laborarem

369 2194 444 2247 Omui
454 2197 540 2248 aulem
551 2194 666 2248 oratione
676 2192 740 2248 illud
751 2196 820 2249 oeme
836 2192 977 2263 perfeetum
988 2192 1036 2256 ml,
1049 2194 1080 2244 ul
1092 2209 1144 2246 mor

369 2265 485 2324 tem'uou
497 2267 615 2323 dueerem
627 2270 654 2323 iu
665 2269 745 2324 mulir.

403 2344 442 2398 M.
460 2344 531 2399 Num
554 2343 634 2415 igitur
657 2344 734 2399 etiam
757 2344 888 2399 rhetorum
912 2343 1038 2413 epilogum
1062 2342 1144 2397 dmidr

369 2421 475 2475 ramur?
493 2438 526 2474 au
537 2420 663 2490 bonejam
675 2424 756 2475 artem
770 2420 843 2490 plane
860 2419 1044 2491 relinquimus?
1074 2421 1106 2473 A.
1119 2420 1144 2473 T*

368 2514 430 2551 vero
447 2496 522 2550 istam
540 2514 572 2550 ue
589 2496 729 2566 reliqueris,
742 2514 816 2566 quam
834 2513 933 2565 semper
948 2494 1052 2559 ornasti,
1066 2499 1092 2549 et
1105 2499 1144 2565 qu

370 2572 426 2626 dem
443 2572 508 2642 jure.
543 2571 593 2625 lile
609 2572 675 2626 euim
694 2575 729 2640 te,
746 2590 832 2627 verum
851 2571 960 2642 ulloqui
978 2571 1103 2637 volumus,
1121 2589 1144 2625 or

200 2705 202 2712 ,
370 2654 483 2703 noverat.
519 2648 570 2703 Sed
590 2648 693 2719 quinam
714 2650 754 2703 eri
774 2648 824 2703 iate
845 2647 981 2719 epilogus?
1013 2664 1075 2702 areo
1094 2647 1144 2701 euir

200 2723 202 2730 '
317 2724 465 2790 llaaudire,
478 2723 600 2796 quidquid
611 2729 659 2779 est.
695 2724 734 2778 M,
747 2724 858 2779 Deorum
876 2722 1056 2778 immortalium
1064 2722 1144 2793 jodici

357 2802 486 2855 nolentia
495 2800 594 2857 scholia
602 2800 720 2874 prolerre
737 2799 769 2857 de
781 2804 871 2869 morte,
881 2817 929 2855 reo
941 2816 1000 2853 vero
1018 2816 1049 2854 eo
1065 2800 1144 2869 finger

334 2869 399 2935 'imi
410 2875 468 2931 eod
473 2878 619 2939 Herodoto
631 2885 752 2954 auctore,
763 2880 877 2955 aliisque
893 2875 1021 2951 pluriliur.
1050 2874 1122 2928 Yr‘m
