2634 3367
283 350 314 398 12
421 345 936 396 mesconemmsrurarlouum

280 461 386 524 animos,
399 460 422 514 si
434 462 515 529 potes,
527 477 656 515 remanere
670 463 728 529 post
739 464 861 515 mortem:
880 463 945 522 tum,
955 457 978 513 si
989 458 1071 513 minus

282 534 310 591 id
325 534 458 601 obtinebis,
480 537 532 606 (est
549 537 615 591 enim
635 537 763 605 arduum)
777 536 885 605 docebis,
903 553 988 591 carere
1004 536 1073 589 omui

281 611 348 667 malo
360 617 476 667 mortem.
499 613 557 683 Ego
569 613 637 667 enim
648 613 720 668 istud
731 613 814 682 ipsum
827 630 922 679 vereor,
934 630 967 666 ne
979 612 1072 666 malum

281 688 388 753 sitnon
398 687 455 744 dioo
467 706 552 744 oerore
564 707 649 756 sensu,
661 689 707 744 sed
718 688 854 744 carendum
866 707 929 743 esse.
954 688 994 742 M.
1005 692 1074 743 Auo-

282 763 381 819 toribus
394 764 495 836 quidem
508 764 541 819 ad
552 765 628 820 istam
640 766 801 829 sententiam,
814 783 891 836 quam
903 764 942 819 vis
954 764 1071 829 obtineri,

281 841 322 896 uti
333 841 437 911 optimis
449 859 599 912 possumus3
618 842 687 913 quod
698 842 725 897 in
736 841 853 897 omnibus
862 842 945 897 oausis
957 847 985 895 et
997 840 1073 896 debet

281 920 308 972 et
324 917 389 973 solet
401 918 484 973 valere
497 918 648 989 plurimum:
667 924 693 973 et
710 918 819 989 primum
831 918 932 989 quidem
944 918 1013 972 omni
1029 936 1073 972 an-

280 993 416 1065 tiqnitate3
438 1013 495 1066 ques
512 1013 563 1066 qno
582 995 686 1065 propius
708 995 795 1049 aberat
816 995 848 1049 ab
866 1000 925 1049 ortu
943 999 970 1048 et
988 993 1074 1050 divina

281 1071 409 1141 progenie,
427 1070 476 1127 hoo
491 1072 582 1127 melius
600 1089 631 1125 eo
646 1071 763 1137 fortasse,
778 1089 834 1140 quoe
845 1076 918 1125 erant
931 1088 999 1133 vera,
1016 1088 1071 1125 eer-

241 1154 272 1204 27
282 1146 367 1203 nebat.
405 1149 496 1219 Itaque
517 1167 596 1203 unum
617 1147 681 1204 illud
702 1152 757 1204 erat
778 1148 883 1202 insitum
905 1146 994 1218 priscis
1015 1146 1073 1214 illis,

280 1242 344 1295 quos
365 1224 457 1280 (lassos
478 1225 588 1296 appellat
607 1224 715 1290 Ennius,
738 1242 794 1280 esse
813 1224 840 1279 in
858 1228 941 1278 morte
961 1241 1073 1290 sensam,

279 1318 362 1371 neque
383 1319 492 1357 excessu
512 1302 570 1356 vitae
591 1302 628 1357 sio
649 1301 727 1357 deleri
748 1300 883 1364 hominem,
904 1305 934 1354 ut
955 1298 1072 1353 funditus

280 1375 414 1431 interiret:
431 1377 508 1447 idque
526 1395 605 1448 quum
622 1377 711 1432 multis
728 1376 784 1431 aliis
802 1375 885 1441 rebus,
903 1381 959 1431 tum
977 1393 991 1431 e
1009 1393 1073 1447 pon·

280 1450 358 1505 tifioio
376 1452 435 1522 jure
456 1460 483 1506 et
504 1452 653 1507 estimoniis
674 1452 847 1521 sepulororum
868 1451 976 1522 intelligi
995 1450 1071 1518 lioet;

280 1544 344 1596 quas
362 1526 478 1582 maximis
499 1527 607 1597 ingeniis
627 1526 727 1596 proediti
746 1545 794 1582 neo
811 1529 885 1581 tanta
901 1546 963 1583 eura
980 1527 1073 1583 soluis-

280 1607 346 1667 sent,
364 1620 412 1658 neo
427 1602 535 1657 violatas
550 1608 602 1658 tam
619 1602 766 1672 inexpiabili
779 1602 901 1675 religione
917 1604 1070 1668 sanxissent,

279 1678 330 1733 nisi
341 1678 448 1735 hereret
464 1680 492 1734 in
503 1697 591 1734 eorum
602 1677 739 1746 mentibus,
752 1684 859 1735 mortem
872 1698 923 1735 non
938 1680 1071 1734 interitum

280 1772 336 1809 esse
356 1755 441 1809 omnia
463 1755 594 1811 tollentem
615 1759 693 1827 atque
714 1754 847 1821 delentem,
870 1756 915 1810 sed
935 1755 1070 1825 quamdam

279 1830 353 1901 quasi
376 1831 553 1902 migrationem
574 1832 847 1902 commutationemque
871 1831 938 1896 vita,
963 1851 1020 1901 quae
1044 1832 1071 1887 in

279 1906 353 1962 oleris
372 1907 433 1962 viris
453 1913 480 1963 st
501 1908 602 1964 leminis
621 1908 675 1963 dux
694 1908 722 1963 in
739 1908 829 1963 oaelum
848 1908 941 1963 soleret
962 1926 1025 1972 esse,
1044 1909 1071 1964 in

240 1984 371 2039 moetoris
383 1984 454 2040 humi
466 1986 627 2052 retineretur,
640 1988 668 2041 et
681 1988 838 2055 permaneret
851 1988 945 2039 tamen.
969 1985 1008 2039 Er
1021 1984 1070 2040 hoo

278 2063 305 2115 et
317 2065 464 2117 nostrorum
475 2062 595 2133 opinione

375 2146 497 2196 Romulus
509 2150 534 2196 in
546 2149 606 2197 ezelo
617 2162 673 2195 oum
686 2146 816 2207 diis-ugit
827 2160 913 2202 aevom,

277 2224 316 2285 ut,
336 2221 410 2277 famae
431 2224 580 2289 assentiens,
600 2223 669 2277 dixit
688 2222 802 2277 Ennius:
824 2227 851 2276 et
872 2221 940 2292 apud
959 2221 1070 2287 Graeoos,

277 2297 387 2369 indeque
403 2298 535 2369 perlapsus
553 2300 586 2354 ad
602 2316 649 2353 nos
663 2301 689 2352 et
705 2316 786 2367 usque
803 2298 836 2352 ad
848 2300 983 2364 Ooeanum,
1004 2302 1070 2354 ller-

278 2373 348 2428 oules
360 2379 449 2429 tantus
461 2380 488 2429 et
499 2380 552 2429 tam
566 2392 676 2444 praesens
693 2374 802 2429 habetur
814 2374 892 2430 deus:
911 2376 970 2430 hino
982 2375 1068 2441 Liber,

278 2449 377 2505 Semele
395 2454 480 2517 natus,
502 2450 640 2521 eademque
658 2449 733 2504 famae
753 2449 900 2505 celebritate
920 2450 1070 2521 Tyndarida

276 2525 385 2581 iratres:
405 2527 449 2597 qui
465 2546 516 2581 non
528 2526 602 2582 modo
615 2525 745 2597 adjutores
761 2527 788 2580 in
799 2528 891 2597 praeliis
904 2528 1015 2583 victorine
1029 2547 1070 2599 po

276 2602 331 2671 puli
341 2603 457 2670 Romani,
467 2603 596 2659 sedetiam
605 2602 689 2657 nuntii
697 2602 776 2656 luisse
785 2603 957 2674 perhibentur.
979 2604 1070 2663 Quid?

276 2677 333 2742 luo,
356 2678 442 2733 (iadmi
464 2680 521 2748 filia,
541 2698 625 2734 nonne
645 2685 764 2735 Λευκοθέα
781 2679 910 2733 nominata
930 2697 946 2732 a
965 2681 1068 2746 Grecis,

267 2754 648 2811 Matutalrabeturanostrisi
673 2755 763 2815 Quid?
787 2759 871 2808 totum
881 2772 960 2824 prope
972 2756 1069 2823 caelum,

232 2827 391 2949 θὲῗβίαιεε
406 2850 562 2909 persequar,
577 2854 668 2893 nonne
684 2834 799 2892 humano
816 2848 911 2904 genere
921 2832 1075 2899 oomplstum
