2634 3367
472 313 541 364 ΗΒ.
552 311 587 362 V·
613 317 689 366 CAP.
703 318 741 375 36,
754 316 793 367 ³7.
983 319 1027 366 19³

235 427 343 495 temnet,
360 426 519 498 honoresque
535 427 631 498 populi,
648 427 726 481 etiam
745 426 813 481 ultro
832 424 936 489 deletos,
955 443 1030 495 repu-

234 501 332 557 diabit:
357 520 404 557 nos
425 507 510 557 autem
530 520 574 557 eos
592 503 727 568 nescimus,
749 507 884 572 antequam
907 501 1030 571 penitere

235 578 321 647 coepit,
333 582 502 633 contemnere.
535 579 585 634 ust
597 577 666 648 apud
679 577 839 633 Heraclitum
853 576 985 648 physicum
997 576 1029 632 de
1041 587 1086 634 105

233 653 351 723 principe
365 653 533 725 Ephesiorum
550 654 727 710 Hermodoro:
746 655 881 709 uniuersos
896 652 932 707 ait
944 653 1030 724 Ephe-

235 729 290 783 sios
305 746 354 784 csse
370 740 450 784 morte
465 730 636 794 mulctandos,
648 730 724 801 quod,
735 747 817 801 quum
828 730 932 783 deitate
947 729 1031 799 copel-

236 805 319 858 lereut
336 805 534 873 Hermodorum,
554 807 593 861 ito
613 806 695 861 leuari
714 807 789 859 siut:
811 804 894 859 Nemo
910 803 941 857 de
957 804 1032 858 nobis

235 896 298 933 unu
309 880 433 934 medat:
452 882 498 934 cio
509 883 570 952 quia
586 882 720 947 exederit,
732 880 787 934 olio
804 880 837 933 iu
852 880 905 934 loco
917 889 941 935 et
956 880 1032 950 apud

235 955 306 1008 alios
318 956 361 1010 sit.
398 959 439 1010 hn
450 956 499 1011 hoc
514 974 565 1011 non
580 957 618 1012 ita
629 956 659 1010 flt
671 956 739 1011 omni
752 955 779 1010 in
789 954 902 1025 populo?
937 954 1030 1011 Nonne

237 1032 553 1101 omuemexsuperantiam
564 1032 669 1087 virtutis
681 1031 810 1088 oderunt?
841 1029 930 1091 Quid?
961 1031 1031 1086 Aris·

236 1106 305 1162 tides
330 1107 407 1176 (malo
430 1108 497 1162 enim
521 1110 674 1173 (trecorum,
696 1124 772 1179 quarn
795 1110 884 1162 nostra
905 1106 1029 1178 proferre)

237 1199 322 1237 nonne
334 1182 367 1238 oh
379 1201 434 1238 eam
445 1201 547 1239 cansam
562 1184 683 1256 expulsus
699 1186 739 1239 est
755 1182 844 1252 patria,
858 1181 925 1253 quod
937 1186 1030 1252 praeter

237 1258 341 1313 modum
355 1259 442 1329 justus
458 1261 545 1315 esset?
580 1259 692 1320 Quantis
705 1258 785 1331 igitur
796 1257 919 1313 molestiis
931 1262 1041 1324 vacant„

238 1335 283 1407 qui
303 1333 366 1389 nihil
386 1335 488 1390 omnino
508 1354 566 1391 cum
584 1335 679 1407 populo
696 1333 865 1390 contrahunt!
902 1332 973 1393 Quid
989 1337 1030 1390 est

240 1410 305 1465 erim
323 1410 422 1466 dulcius
440 1411 493 1466 otio
510 1412 631 1467 literato?
651 1411 684 1467 iis
702 1410 758 1466 dico
775 1410 864 1475 literis,
883 1408 974 1481 quibus
991 1409 1030 1465 in·

240 1483 363 1542 finitatem
380 1504 465 1541 rerum
484 1492 561 1558 atque
577 1490 683 1551 naturae,
702 1489 728 1542 et
749 1485 777 1540 in
793 1485 842 1542 hoc
862 1484 918 1556 ipso
935 1484 1029 1541 mundo

240 1558 337 1627 eaelum,
347 1565 437 1627 terras,
449 1564 529 1618 maria
540 1564 724 1634 cognoscimus.

275 1635 412 1693 XXXVII.
430 1639 580 1709 Gontempto
591 1638 672 1711 igitur
683 1638 785 1703 honore,
796 1639 942 1707 contempta
952 1636 1028 1692 etiam
1042 1647 1086 1697 loc

239 1710 355 1779 pecunia,
378 1713 438 1785 quid
461 1714 619 1785 relinquitur,
644 1714 712 1785 quod
735 1712 951 1769 extimescendum
974 1712 1028 1767 sit?

239 1785 373 1852 Exsilium,
386 1790 468 1853 credo,
481 1788 548 1859 quod
559 1791 587 1844 in
602 1790 717 1845 maximis
733 1789 805 1843 malis
820 1789 929 1843 ducitur.
963 1787 995 1841 Id
1008 1787 1030 1842 si

239 1866 344 1932 propter
360 1863 463 1919 alienum
481 1869 508 1921 et
524 1866 644 1920 offensam
662 1864 749 1934 populi
764 1864 919 1918 voluntatem
935 1862 1029 1916 mulum

240 1940 296 1993 est:
315 1956 390 2009 quam
406 1939 439 1994 sit
451 1959 480 1995 ea
494 1938 684 2007 contemnenda,
696 1937 780 2008 paullo
797 1941 856 1992 ante
868 1937 964 1992 dictum
980 1943 1028 2010 est.

240 2012 287 2068 Sin
304 2013 392 2069 abesse
409 2017 491 2085 patria
506 2016 626 2071 miserum
644 2018 691 2081 ast,
708 2014 788 2086 plenu
805 2015 953 2069 miserorum
971 2031 1028 2083 pro·

239 2089 329 2145 vinciae
341 2095 416 2157 sunt3
434 2092 569 2163 exquibus
585 2090 719 2146 admodum
734 2089 808 2161 pauci
824 2090 851 2144 in
868 2089 975 2159 patriam
990 2106 1029 2145 re·

239 2168 383 2220 vertuntur.
419 2168 456 2220 At
471 2168 627 2223 mulctantur
639 2166 713 2222 bonis
729 2165 836 2221 exsules.
871 2163 942 2225 Quid
953 2166 1027 2219 tuml'
1039 2171 1084 2222 107

238 2258 361 2311 parumne
372 2242 453 2297 multa
464 2242 496 2298 de
507 2242 636 2299 toleranda
647 2244 797 2313 paupertate
809 2240 946 2297 dicuntur?
970 2241 987 2295 J
988 2259 1028 2296 am

238 2334 300 2372 vero
314 2318 437 2382 exsilium,
453 2318 475 2373 si
492 2337 576 2373 rerum
593 2323 719 2384 naturam,
736 2335 788 2373 non
804 2317 966 2387 ignominiam
983 2334 1028 2372 no·

238 2393 315 2447 minis
327 2394 469 2463 querimus,
487 2398 609 2465 quantum
627 2393 727 2449 demum
745 2411 761 2448 o
781 2397 903 2465 perpetuu
919 2393 1028 2465 peregri·

238 2469 341 2523 natione
362 2469 466 2523 differt?
490 2470 517 2524 in
538 2487 588 2541 qua
608 2475 697 2525 etates
718 2488 777 2525 suas
797 2468 938 2541 philosophi
958 2468 1028 2523 nobi·

238 2543 328 2598 lissimi
345 2550 564 2615 consumpserunt,
581 2546 744 2610 Xenocrates,
764 2546 878 2610 Crantor,
895 2543 1028 2610 Arcesilas,

238 2619 361 2690 Lacydes,
381 2620 540 2689 Aristoteles,
564 2620 762 2690 Theophrastus,
787 2621 862 2688 Zeno,
886 2618 1028 2682 Cleanthes,

239 2695 402 2765 chrysippus,
431 2696 574 2765 Antipater,
605 2695 756 2760 Carneades,
785 2693 921 2759 Panaetius,
952 2692 1028 2747 clito-

238 2771 351 2835 machus,
377 2769 456 2835 Philo,
481 2771 631 2837 Antiochus,
655 2770 815 2833 Posidonius,
835 2767 1028 2823 innumerabiles

238 2843 296 2898 alii:
314 2843 366 2913 qui,
379 2842 457 2897 semel
472 2844 575 2913 egressi,
588 2863 725 2917 numquam
742 2844 843 2899 domum
859 2846 988 2900 revertero
1006 2845 1027 2898 t.

624 2935 643 2973 o
