2634 3367
297 345 330 393 80
439 344 634 392 TUSCULAN.
653 341 949 389 DISPUTATIONUM

298 452 390 516 videto,
413 453 443 505 ut
461 450 534 505 deum
553 450 630 515 noris,
650 450 700 506 etsi
718 451 774 520 ejus
791 450 892 521 ignores
912 452 940 504 et
957 449 1040 504 locum
1057 452 1085 504 et

298 528 395 591 faciem,
417 527 454 581 sic
474 527 584 580 animum
602 526 650 581 tibi
671 531 745 581 tuum
765 531 857 581 notum
878 544 932 580 esse
956 529 1082 595 oportere,

257 612 287 663 71
299 605 375 658 etiam
387 603 409 657 si
421 602 522 673 ignores
533 606 560 657 et
575 603 658 657 locum
675 607 702 657 et
717 602 830 658 forman„
858 602 892 656 In
908 601 985 655 animi
1001 605 1088 655 autem

299 678 442 749 cognitione
454 678 569 733 dubitare
581 696 632 733 non
639 696 780 748 possumus,
789 678 839 732 nisi
850 678 923 748 plnue
934 676 961 731 in
973 676 1087 747 physicis

300 754 411 824 plumbei
427 771 523 817 sumus,
542 754 603 823 quin
619 753 683 808 nihil
700 755 734 808 sit
752 753 841 808 animis
858 752 1005 819 admixtum,
1023 751 1085 806 nihil

300 833 453 894 concretum,
472 829 535 883 nihil
551 830 703 900 copulatum,
720 830 784 884 nihil
801 832 1011 898 coagmentatum,
1023 826 1087 881 nihil

301 905 402 974 duplex.
438 904 516 965 Quod
540 924 617 974 quum
637 905 675 960 ita
695 905 737 970 sit,
758 908 827 961 certe
847 921 894 959 nec
913 903 1017 969 secerni,
1040 920 1088 957 uec

301 980 386 1044 dividi,
404 998 452 1035 nec
469 979 584 1051 discerpi,
603 997 650 1035 ucc
667 979 775 1035 distrahi
791 982 893 1051 potest:
916 996 963 1034 nec
980 978 1084 1033 interire

301 1056 388 1127 igitur.
423 1056 472 1110 Est
484 1056 551 1111 enim
567 1056 687 1111 interitus
699 1056 772 1126 quasi
789 1056 922 1120 discessus,
935 1058 961 1109 et
979 1054 1087 1109 secretio

302 1150 331 1187 ac
343 1132 482 1203 diremptus
494 1150 580 1187 earum
592 1132 710 1203 partium,
724 1150 779 1203 quoe
796 1135 856 1187 aute
872 1130 1004 1186 interitum
1017 1129 1091 1200 junc-

302 1209 372 1264 tione
385 1209 468 1279 eliqua
479 1208 639 1264 tenebantur.

340 1286 390 1339 His
413 1288 440 1339 et
464 1284 557 1339 talibus
581 1283 721 1339 rationibus
745 1284 878 1348 adductus,
903 1282 1020 1337 Socrates
1043 1299 1091 1337 nec

303 1364 438 1431 patronum
456 1359 571 1430 quoesivit
589 1359 622 1413 ad
639 1359 762 1430 judicium
781 1359 879 1429 capitis,
898 1375 945 1413 uec
963 1356 1091 1429 judicibus

304 1437 410 1506 supplex
422 1435 486 1489 fuit:
504 1433 669 1507 adhibuitque
680 1433 784 1489 liberam
796 1434 986 1497 contumaciam,
999 1450 1092 1503 amag-

303 1509 420 1564 nitudine
441 1509 517 1563 animi
537 1507 647 1574 ducum,
669 1526 721 1562 nou
738 1528 753 1564 a
770 1510 903 1578 superbia:
928 1513 955 1564 et
972 1526 1090 1578 supremo

304 1586 363 1640 vitae
384 1585 425 1639 die
445 1584 478 1639 de
497 1585 546 1639 hoc
565 1584 621 1654 ipso
639 1584 720 1639 multa
737 1584 864 1649 disseruit,
883 1588 910 1639 et
928 1585 1014 1655 paucis
1032 1588 1092 1639 autc

304 1661 401 1725 diebus,
415 1678 492 1730 quum
504 1659 578 1714 facile
588 1664 676 1731 posset
687 1660 761 1715 educi
779 1679 793 1715 e
811 1660 934 1725 custodia,
949 1659 1048 1725 noluit;
1066 1662 1093 1713 et

304 1735 895 1879 lllh'ltrltttfltllllhlulll
906 1739 1093 1876 tullii

304 1887 332 1942 iu
343 1887 432 1942 caelum
444 1887 573 1942 videretur
584 1886 727 1941 escendere.

266 1974 297 2025 72
340 1964 424 2017 XXX.
443 1965 485 2018 Ita
496 1963 562 2018 enim
574 1962 701 2028 censebat,
714 1962 800 2033 itaque
811 1961 947 2018 disseruit:
966 1961 1028 2016 duas
1038 1978 1093 2017 esse

305 2040 366 2104 vias,
380 2039 542 2110 duplicesque
553 2056 643 2094 cursus
662 2038 801 2092 animorum
818 2055 833 2092 e
849 2054 954 2107 corpore
972 2037 1094 2092 exceden-

305 2116 377 2168 tium.
412 2115 536 2185 Numqui
553 2132 581 2169 se
594 2114 711 2169 humanis
724 2113 792 2168 vitiis
806 2112 1053 2178 contaminavissent,
1066 2116 1093 2167 et

305 2207 333 2243 se
344 2194 414 2243 totos
425 2189 571 2244 libidinibus
580 2188 743 2253 dedidissent,
753 2188 844 2257 quibus
853 2188 940 2243 cecati
949 2188 990 2243 vel
998 2188 1094 2243 domes-

306 2265 364 2319 ticis
375 2265 445 2319 vitiis
457 2269 537 2336 atque·
542 2266 645 2335 flagitiis
657 2283 685 2319 se
698 2264 905 2334 inquinavissent,
915 2264 955 2319 vel
967 2264 1095 2334 republica

306 2341 422 2395 violanda
439 2341 540 2396 fraudes
557 2340 720 2410 inexpiabiles
738 2341 921 2411 concepissent,
941 2341 973 2395 iis
994 2340 1094 2396 devium

307 2415 433 2486 quoddam
453 2417 502 2470 iter
521 2434 584 2484 esse,
603 2415 730 2471 seclusum
749 2434 766 2470 a
783 2416 888 2471 concilio
908 2416 1027 2471 deorum:
1051 2416 1096 2487 qui

282 2541 293 2557 ,
308 2497 395 2544 autem
415 2510 443 2545 se
463 2492 576 2561 integros
596 2496 730 2561 castosque
754 2492 930 2556 servavissent,
954 2492 1095 2563 quibusque

307 2568 398 2620 fuisset
419 2567 521 2621 minima
541 2584 599 2622 curu
619 2566 766 2636 corporibus
785 2568 911 2638 contagio,
936 2585 1041 2638 seseque
1064 2567 1096 2622 ab

308 2643 347 2696 his
368 2659 467 2710 semper
485 2646 653 2705 sevocassent,
675 2646 810 2712 essentque
829 2643 856 2695 iu
879 2643 1026 2712 corporibus
1050 2642 1097 2697 hu·

309 2717 391 2771 munis
414 2718 492 2771 vitam
515 2717 609 2772 imitati
630 2717 741 2781 deorum,
764 2718 803 2771 his
822 2716 854 2770 ad
878 2717 942 2783 illos,
966 2735 981 2771 a
1005 2718 1096 2788 quibus

250 2798 387 2844 78csseut
402 2793 523 2861 profecti,
544 2792 657 2850 reditum
675 2793 777 2848 ducilem
791 2796 888 2863 patere.
922 2792 1013 2861 Itaque
1031 2810 1097 2847 com·

275 2872 420 2934 memorat,
439 2876 470 2926 ut
488 2874 579 2947 cygni,
602 2872 648 2947 qui
667 2890 724 2929 nou
736 2871 796 2928 sine
810 2884 891 2925 causa
908 2866 1020 2935 boollidi
1031 2867 1111 2917 mum
