2634 3367
275 336 320 383 152
413 333 927 384 ‘fusennammsrurnnronum

273 446 380 500 scientia
391 445 505 516 quaedam
517 449 557 499 est
569 448 595 500 et
607 446 693 516 opinio
705 446 789 517 gravis
803 464 856 501 non
870 449 967 502 temere
983 463 1068 501 assen-

274 522 376 577 tientis:
395 521 533 576 diffidentia
548 540 649 594 quoqne
665 529 705 577 est
721 526 806 578 metus
821 523 964 593 exspectati
980 528 1009 578 et
1023 522 1068 577 im·

274 597 407 668 pendentis
420 598 484 651 mali
520 598 563 662 Et,
576 598 599 652 si
613 616 672 669 spes
687 603 727 654 est
741 599 899 670 exspectatio
916 598 992 655 boni:
1010 598 1069 653 mali

274 674 489 743 exspectationem
512 691 568 728 esse
592 692 695 730 necesse
720 679 759 730 est
783 679 889 731 metum.
923 676 964 731 Ut
989 675 1070 746 igitur

234 761 263 809 sl
275 755 367 813 metus,
379 751 416 804 sic
432 750 535 820 reliquae
551 750 755 821 perturbationes
770 755 832 806 sunt
847 752 875 805 in
889 750 963 807 melo.
999 751 1070 823 Ergo

273 831 305 881 ut
317 828 460 881 constantis
471 828 590 892 scientie,
605 828 643 882 sic
657 827 815 898 perturbatio
827 828 920 884 erroris
932 830 980 883 est.
1017 827 1089 888 Qui.

275 907 360 958 autern
381 908 473 958 natura
490 903 611 958 dicuntur
628 904 744 959 iracundi
765 908 810 959 aut
828 904 1005 960 misericordes
1026 908 1069 959 aut

275 978 354 1034 invidi
366 984 411 1035 aut
423 980 473 1035 tale
486 980 554 1051 quid,
567 980 598 1034 iis
615 985 677 1035 sunt
691 979 826 1035 constituti
837 981 910 1051 quasi
926 980 993 1035 mals
1004 981 1070 1036 vele·

276 1056 365 1111 tudine
388 1056 473 1122 animi,
496 1056 619 1111 sanabiles
643 1058 745 1110 tamen:
776 1060 806 1111 nt
832 1056 944 1112 &oratis
967 1055 1068 1111 dicitur.

277 1133 362 1197 Quum
379 1134 460 1188 multa
477 1133 503 1187 in
521 1136 649 1189 conventu
666 1133 729 1187 vitia
745 1132 889 1203 collegisset
904 1132 932 1187 in
948 1150 1009 1187 eum
1024 1133 1069 1187 Zo-

277 1227 363 1280 pyrus,
384 1211 426 1280 qui
446 1227 474 1264 se
495 1214 610 1264 naturam
630 1208 755 1279 cujusque
774 1226 806 1263 ex
826 1208 908 1263 forma
927 1210 1069 1279 perspicere

277 1287 451 1357 profitebatur,
470 1286 568 1340 derisus
585 1288 625 1339 est
644 1284 777 1349 coeteris,
797 1284 841 1356 qui
858 1284 901 1340 illa
919 1285 947 1338 in
966 1284 1068 1340 Socrate

277 1363 340 1416 vitia
362 1381 415 1417 non
437 1366 619 1433 agnoscerent:
647 1360 756 1430 abipso
777 1364 863 1414 autem
882 1360 988 1416 Socrate
1012 1360 1068 1416 sub-

277 1438 383 1502 levatus,
397 1456 475 1509 quum
492 1438 536 1492 illa
553 1436 600 1492 sibi
618 1436 702 1502 insite,
714 1434 759 1490 sed
776 1436 873 1490 ratione
891 1453 907 1489 a
924 1454 953 1492 se
971 1435 1069 1507 dejecta

278 1512 380 1568 diceret.
416 1514 486 1583 Ergo
505 1517 535 1568 ut
556 1513 653 1582 optima
671 1513 778 1583 quisque
796 1511 942 1567 valetudine
963 1513 1068 1568 affectus

279 1594 364 1659 potest
376 1589 462 1653 videri,
476 1594 502 1643 at
515 1595 606 1643 natura
619 1587 651 1642 ed
663 1588 771 1659 aliquem
787 1588 902 1642 morbum
918 1589 1068 1658 proclivior:

278 1666 315 1720 sic
333 1665 431 1719 animm
448 1664 512 1719 alius
530 1664 562 1718 ud
579 1663 628 1717 alia
643 1664 705 1718 vitia
722 1664 877 1734 propensior.
915 1665 965 1729 Qui
985 1669 1068 1719 numm

278 1760 330 1795 non
340 1747 439 1808 natura,
452 1741 497 1795 sed
511 1742 585 1811 culpa
596 1740 682 1794 vitiosi
699 1759 754 1796 esse
766 1740 893 1805 dicuntur,
907 1758 996 1796 eorum
1010 1741 1069 1797 vitia

278 1822 430 1873 constante
449 1817 518 1871 salsis
539 1816 699 1888 opinionibus
720 1835 805 1871 rerum
825 1816 947 1871 bonarum
969 1835 1000 1873 ac
1019 1836 1069 1872 ma·

278 1896 367 1961 larum,
386 1900 417 1950 ut
437 1894 471 1949 sit
492 1894 556 1948 alius
578 1892 610 1947 ad
630 1893 692 1947 alios
711 1896 797 1948 motus
815 1893 1069 1966 perturbationesque

279 1972 420 2041 proclivior.
452 1971 609 2025 Inscteratio
621 1974 714 2037 eutem,
726 1973 756 2024 ut
768 1969 796 2023 in
807 1969 964 2040 corporibus,
977 1972 1069 2042 oegrins

279 2047 421 2117 depellitur,
432 2065 507 2119 quam
520 2045 676 2117 perturbatio
687 2064 694 2108 ;
712 2044 838 2115 citiusque
851 2046 1001 2114 repentinus
1014 2064 1070 2102 ocu·

279 2124 360 2178 lorum
383 2128 469 2179 tumor
492 2126 603 2187 sanatur,
629 2138 704 2192 qnam
729 2120 849 2175 diutnma
877 2121 1005 2191 lippitudo
1029 2123 1071 2177 de·

279 2199 389 2269 pellitur.

240 2285 271 2330 82
314 2273 470 2327 XXXVIII.
489 2273 540 2327 Sed
557 2272 660 2343 cognita
674 2273 726 2344 jam
745 2290 822 2328 causa
841 2272 1069 2342 perturbationum,

280 2367 336 2418 quae
355 2366 442 2401 omnes
461 2348 578 2401 oriuntur
598 2367 631 2402 ex
647 2349 750 2418 judiciis
770 2349 916 2419 opinionum
937 2353 964 2404 et
984 2349 1070 2404 volun·

280 2423 384 2488 tatibus,
393 2424 427 2476 sit
435 2425 488 2492 jam
501 2423 577 2493 hujus
589 2423 768 2493 disputationis
781 2426 878 2480 modus.
904 2425 975 2480 Scire
984 2430 1071 2480 autem

280 2517 327 2553 nos
339 2503 447 2569 oportet,
457 2498 573 2568 coguitis,
585 2500 668 2569 quoad
676 2505 783 2571 possunt
793 2502 824 2556 ab
835 2501 934 2557 homine
943 2502 1071 2572 cognosci,

280 2576 442 2631 bonorumet
458 2575 580 2629 malorum
592 2576 701 2643 finibus3
719 2578 782 2632 nihil
796 2595 812 2631 a
825 2576 985 2648 philosophia
996 2595 1071 2648 posse

281 2657 326 2707 aut
337 2653 419 2723 majus
432 2654 477 2706 aut
489 2651 577 2706 utilius
588 2653 680 2721 optari,
691 2672 765 2723 quam
777 2653 838 2718 haec,
849 2671 904 2723 quae
914 2670 929 2707 a
940 2653 1071 2709 nobishoc

280 2728 416 2799 quatriduo
435 2728 565 2800 disputata
584 2732 653 2782 sunt.
688 2729 775 2783 Morte
792 2730 859 2783 enim
878 2731 1026 2798 contempta
1044 2734 1071 2784 et

264 2808 356 2867 dolore
379 2810 415 2867 ad
437 2809 591 2886 patiendum
615 2809 712 2875 leuato,
734 2807 899 2878 ediunmmus
919 2806 1076 2859 sedationem

247 2888 445 2957 ae&vitiabat-⁴³:
469 2912 527 2969 qua
550 2890 657 2951 nullum
681 2886 788 2945 bomini
808 2882 910 2938 malum
929 2881 1018 2943 meque
1043 2882 1095 2928 esu
