2634 3367
286 334 333 383 19⁸
424 333 945 386 ruscucsu.1>1srursr10uuus

321 444 394 501 XLI.
412 445 480 501 Mihi
491 446 594 516 quidem
611 446 639 501 in
653 446 709 501 vita
725 446 849 502 servanda
860 446 965 502 videtur
976 446 1021 503 illa
1034 446 1082 514 lex,

288 540 344 592 quae
356 521 384 576 in
393 522 539 577 Graeoorum
551 521 673 578 conrimis
685 522 816 577 obtinetur
823 545 831 590 ;
849 532 897 577 aaa
909 522 987 592 hita,
995 524 1084 594 iuquit,

287 607 335 652 ara
345 597 425 652 adme
459 597 586 653 Etraote.
623 600 678 652 Aut
690 598 757 653 euim
769 598 870 653 fruatur
882 597 976 668 aliquis
991 598 1084 669 pariter

287 690 345 728 cum
367 672 423 727 aliis
441 673 574 743 voluptate
594 673 715 744 potandi:
742 677 796 739 aut,
814 692 847 729 ne
868 672 969 729 sobrius
989 674 1018 728 in
1035 674 1085 730 vio·

287 749 391 804 lentiam
407 749 595 805 vinolentorum
612 749 715 815 incidat,
731 753 791 804 ante
809 749 938 816 discedat;
966 750 1004 806 sic
1021 750 1085 820 inju-

287 825 338 879 rias
354 824 472 891 fortuna,
485 843 548 897 quas
563 825 629 881 ferre
644 843 764 896 nequeas,
778 824 931 897 defugiendo
948 826 1084 897 relinquas.

288 902 353 956 Haec
370 900 466 969 eedem,
485 920 543 973 quas
559 901 695 973 Epicurus,
713 901 822 977 totidem
839 900 924 957 verbis
942 901 1005 957 dicit
1025 902 1084 957 Hie

288 995 418 1047 ronymus.

233 1054 279 1102 119
323 1051 399 1118 Quod
415 1053 438 1106 si
456 1051 476 1107 ii
496 1052 646 1123 philosophi,
664 1070 771 1123 quorum
793 1070 823 1108 ea
840 1052 969 1107 sententia
989 1056 1037 1119 est,
1056 1056 1085 1107 ut

289 1129 369 1183 virtus
390 1147 436 1201 per
456 1146 484 1184 se
508 1130 564 1200 ipsa
586 1128 650 1184 nihil
671 1128 772 1195 valeat3
798 1147 930 1199 omneque,
953 1130 1022 1200 quod
1042 1129 1084 1184 ho·

286 1210 390 1260 nestum
410 1223 458 1261 nos
478 1208 505 1260 et
524 1204 649 1260 laudabile
669 1223 725 1260 esso
745 1204 860 1271 dicimus,
879 1205 907 1260 id
926 1205 964 1260 illi
986 1223 1084 1261 cassum

288 1281 408 1354 quiddam
430 1286 456 1338 et
477 1281 547 1336 inani
565 1282 634 1336 vocis
655 1299 718 1337 sono
739 1280 886 1335 decoratum
908 1298 964 1336 esse
984 1281 1084 1336 dicant:

288 1358 346 1430 let]
370 1363 457 1414 tamen
477 1376 577 1429 semper
597 1357 701 1415 beatum
722 1360 827 1413 censent
850 1375 907 1412 esso
927 1358 1084 1427 sapientem:

288 1434 350 1506 quid
361 1434 463 1490 tandem
479 1453 495 1488 a
507 1434 612 1489 Socrate
627 1436 654 1489 et
667 1433 775 1489 Platone
791 1431 912 1505 profectis
929 1433 1085 1505 philosophis

288 1510 431 1565 iaciendum
446 1512 541 1580 putes?
578 1510 696 1570 Quorum
708 1509 750 1565 alii
762 1513 860 1565 tantam
873 1511 1048 1579 prestantiam
1059 1510 1085 1564 in

287 1584 361 1639 bouis
377 1586 455 1640 animi
472 1603 528 1640 esso
545 1584 642 1653 dicunt,
654 1589 685 1640 ut
701 1585 733 1641 ab
747 1585 788 1640 his
805 1586 919 1655 corporis
936 1590 964 1640 et
980 1589 1085 1641 externa

233 1665 279 1711 120
288 1661 470 1716 obscurentur:
490 1658 532 1714 alii
550 1664 636 1715 autem
653 1662 709 1716 haec
725 1680 757 1717 na
773 1661 840 1716 hona
852 1660 954 1731 quidem
971 1661 1084 1728 dueuut;

287 1738 314 1791 in
326 1736 409 1790 animo
421 1738 549 1805 reponunt
561 1736 654 1790 omnia.
684 1738 798 1802 Quorum
811 1737 1010 1792 controversiam
1022 1738 1085 1793 sole·

287 1813 340 1880 bat,
356 1818 486 1883 tamquam
506 1811 657 1868 honorarius
679 1813 781 1882 arbiter,
800 1814 916 1882 judicare
934 1814 1084 1870 Gameades.

288 1890 357 1945 Nam
381 1908 467 1961 quum,
492 1906 658 1961 quaecumque
687 1889 755 1944 bona
784 1890 972 1958 Peripateticis,
998 1890 1084 1946 eadem

289 1966 382 2022 Stoicis
398 1965 529 2021 commoda
540 1965 704 2020 riderentur:
722 1983 805 2034 neque
821 1970 908 2020 tamen
920 1966 1086 2036 Peripatetici

288 2044 347 2113 plus
365 2043 507 2097 tribuerent
526 2040 629 2106 divitiis,
646 2041 720 2095 bonae
737 2040 884 2110 valetudini,
899 2042 991 2097 ceteris
1009 2042 1085 2097 rebus

288 2119 389 2189 generis
405 2118 526 2190 ejusdem,
539 2136 615 2189 quam
633 2118 729 2172 Stoici:
748 2135 825 2188 quum
843 2136 873 2172 ea
890 2136 925 2184 re,
938 2135 991 2173 non
1002 2119 1085 2174 verbis

288 2194 498 2264 ponderarentur,
510 2212 612 2249 causam
624 2212 680 2249 esse
692 2193 831 2248 dissidendi
846 2194 964 2264 negabat.
1003 2197 1085 2260 Quare

288 2269 357 2325 hunc
374 2270 457 2325 locum
474 2276 616 2326 ceterarum
634 2270 823 2341 disciplinarum
841 2270 987 2340 philosophi
1000 2289 1086 2341 quem·

289 2345 423 2400 admodum
442 2347 556 2403 obtinere
574 2347 683 2418 possint,
695 2347 744 2417 ipsi
760 2346 878 2401 viderint.
914 2346 983 2401 Mihi
1001 2351 1087 2401 tarneu

288 2425 390 2492 gratum
414 2425 462 2486 est,
487 2423 556 2491 quod
580 2424 612 2478 de
635 2424 790 2493 sapientium
813 2426 938 2493 perpetua
960 2423 1026 2477 bene
1050 2424 1087 2477 vi-

288 2496 364 2627 venqi
382 2495 504 2551 facultate
525 2497 630 2568 dignum
652 2497 772 2569 quiddam
795 2498 1004 2569 philosophorum
1026 2517 1087 2555 voce

288 2591 336 2644 pro
355 2576 450 2628 teutur.

234 2659 278 2706 121
325 2648 505 2720 sedquoniam
521 2667 595 2704 mane
610 2653 650 2706 est
669 2651 788 2716 eundum,
803 2652 848 2705 has
861 2651 973 2721 quinque
988 2650 1086 2708 dierum

284 2725 475 2798 disputationes
488 2725 609 2783 memoria
620 2727 872 2797 comprehendamus.
907 2728 1035 2799 Equidem
1047 2745 1086 2782 me

266 2802 350 2859 etaiam
375 2805 596 2883 conscripturum
619 2804 744 2873 arbitror,
765 2804 824 2876 tubi
848 2804 918 2859 esium
935 2804 1028 2858 mellus
1047 2804 1087 2857 uti
