2634 3367
487 348 556 396 LlB.
567 348 598 397 V.
616 347 691 396 CAP.
703 350 726 405 3,
738 349 762 396 4.
979 346 1024 397 1⁵7

234 460 266 515 ad
284 477 395 515 errorem
408 458 499 514 fabula
510 458 675 515 traduxisset.
711 457 844 529 Aqnibus
865 457 937 513 ducti
954 457 1025 513 dein-

233 534 932 682 titt,ttterrittmthtsstmlttt:tlt
947 552 1025 681 tlt

234 707 323 744 eorum
343 705 436 741 nomen
455 705 535 758 usqne
557 686 590 741 ad
607 687 759 758 Pythagoras
776 688 888 743 manavit
906 691 1024 741 atatem:

235 784 320 837 quem,
333 768 364 818 ut
383 762 472 818 scribit
492 763 592 817 auditor
604 763 718 818 Platonis
731 764 853 818 Ponticus
867 762 1024 827 Heraclides,

234 842 274 899 vir
286 841 377 896 doetus
393 840 420 893 in
432 839 528 909 primis,
541 838 689 893 Phliuntem
701 839 787 895 ierunt
798 840 904 906 venisse,
918 856 1026 910 eumque

235 936 294 974 cnm
316 918 420 980 Leonte,
442 915 555 985 principe
579 915 756 983 Phliasiorum,
778 916 851 971 docte
875 921 902 971 et
925 916 1026 985 copiose

235 992 387 1049 disseruisse
407 990 529 1062 quadam.
566 990 647 1061 Cujus
665 992 794 1062 ingenium
811 997 838 1047 et
858 992 1027 1064 eloquentiam

236 1087 316 1140 qnum
336 1067 476 1121 admiratus
499 1070 567 1121 esset
590 1067 671 1132 Leon,
692 1067 837 1138 quaesivisse
860 1085 893 1122 ex
916 1085 954 1131 eo,
977 1084 1027 1138 qua

235 1144 346 1200 maxime
366 1147 422 1198 arte
439 1143 586 1198 confideret.
621 1144 658 1198 nt
678 1143 756 1209 illurn,
775 1146 856 1197 artem
877 1142 978 1214 quidem
999 1160 1027 1197 se

236 1222 304 1276 scire
315 1220 418 1284 nullam,
429 1219 474 1274 sed
486 1236 541 1274 esse
553 1218 737 1289 philosophum.
772 1218 932 1274 Admiratum
943 1218 1027 1273 Leon-

236 1301 291 1352 tem
303 1296 443 1351 novitatem
456 1294 573 1359 nominis,
586 1295 714 1365 quesisse,
727 1295 838 1354 Quinam
850 1299 936 1366 essent
947 1294 1028 1365 philo·

237 1373 320 1443 sophi,
332 1375 359 1426 et
371 1370 433 1441 quid
444 1371 511 1425 inter
523 1388 567 1425 eos
579 1373 606 1425 et
617 1370 728 1442 reliquos
743 1370 898 1426 interesset?
935 1371 1050 1441 Pytha-e

236 1466 327 1519 goram
348 1455 435 1501 antem
456 1446 633 1517 respondisse:
661 1445 768 1501 similem
787 1447 835 1503 sibi
852 1446 932 1503 videri
949 1447 1028 1502 vitam

236 1523 369 1579 hominum
393 1527 420 1577 et
444 1526 582 1577 mercatum
606 1540 672 1586 enm,
695 1522 739 1594 qui
763 1523 899 1579 haberetur
920 1523 1029 1577 maximo

236 1599 358 1655 ludorum
376 1602 500 1669 apparatu
513 1599 593 1653 totius
606 1598 710 1654 Gracia
725 1599 880 1656 celebritate
916 1599 983 1655 Nam
998 1602 1029 1653 ut

237 1676 291 1733 illic
309 1676 352 1732 elii
369 1675 521 1745 corporibus·
534 1676 680 1732 exercitatis
698 1677 803 1748 gloriam
824 1681 852 1733 et
872 1676 1030 1732 nobilitatem

237 1770 339 1808 coronas
360 1756 477 1823 peterent
486 1774 494 1818 ;
513 1752 555 1807 alii
575 1752 675 1807 emendi
691 1758 736 1808 aut
747 1752 872 1808 vendendi
889 1759 989 1824 quastn
1003 1756 1030 1807 et

237 1828 311 1884 lucro
324 1828 478 1884 ducerentur
486 1849 494 1894 ;
513 1832 581 1883 esset
599 1833 687 1883 antem
705 1828 828 1897 quoddam
841 1846 1029 1900 geneseorum,

237 1906 316 1976 idque
328 1905 369 1960 vel
386 1904 494 1959 maxime
511 1905 657 1975 ingenuum,
672 1905 716 1976 qui
732 1922 780 1959 neo
797 1905 914 1974 plausum
929 1921 977 1959 neo
992 1902 1029 1958 lu·

240 1998 314 2036 orum
326 1983 476 2052 quererent,
486 1981 531 2036 sed
540 1979 638 2035 visendi
649 1996 726 2034 cansa
735 1979 857 2043 venirent,
868 1978 1031 2049 studioseque

238 2057 422 2129 perspicerent,
441 2057 503 2128 qnid
526 2061 651 2128 ageretur,
672 2059 699 2111 et
723 2072 773 2127 quo
796 2055 889 2111 modo:
915 2055 953 2110 ita
975 2074 1029 2119 nos,

240 2133 315 2204 quasi
327 2135 355 2188 in
366 2140 493 2189 mercatus
503 2132 636 2203 quamdam
646 2132 818 2187 celebritatem
827 2150 860 2187 ex
867 2130 930 2187 urbe
939 2131 1030 2201 aliqua,

240 2210 278 2265 sic
290 2209 318 2263 in
329 2209 394 2265 banc
406 2211 485 2264 vitam
496 2227 529 2265 ex
541 2209 589 2263 alia
600 2209 654 2264 vite
671 2212 697 2264 et
715 2212 806 2264 natura
822 2208 956 2280 proiectos,
969 2208 1031 2263 alios

240 2285 329 2356 gloriar
340 2287 442 2352 servire,
456 2288 518 2342 alios
530 2287 661 2357 pecunia:
680 2304 750 2342 raros
767 2304 822 2342 esse
838 2285 967 2358 quosdam,
980 2286 1031 2357 qui,

241 2362 334 2416 ceteris
345 2362 462 2418 omnibus
478 2380 524 2433 pro
539 2364 619 2417 nihilo
635 2362 736 2429 habitis,
749 2382 833 2419 rerum
849 2366 965 2418 naturam
979 2368 1033 2416 stu·

242 2436 313 2492 diose
325 2437 504 2494 intuerentur:
523 2439 569 2494 hos
582 2458 609 2494 se
621 2440 747 2509 appellare
759 2440 889 2511 sapienties
897 2439 1033 2506 studiosos,

240 2514 321 2571 idest
334 2516 399 2570 enim
413 2515 592 2587 philosophos:
610 2523 637 2571 et
645 2521 677 2571 ut
685 2517 736 2572 illic
747 2517 947 2573 liberalissimum
957 2521 1033 2584 esset,

241 2596 367 2661 spectare,
380 2592 444 2647 nihil
460 2593 508 2649 sibi
526 2592 705 2663 acquirentem,
724 2594 760 2649 sic
777 2595 805 2649 in
820 2595 874 2650 vita
890 2594 965 2664 longe
982 2612 1033 2647 om·

241 2667 319 2723 nibus
339 2668 432 2723 studiis
451 2668 689 2740 contemplationem
709 2687 795 2725 rerum
815 2670 1034 2741 cognitionemque

261 2746 374 2797 restare.

242 2761 260 2814 p
278 2818 327 2873 IV.
347 2818 405 2875 Nec
422 2836 480 2876 vero
502 2818 669 2898 Pythagoras
687 2822 807 2879 nomime
826 2820 917 2875 aihum
928 2814 1115 2869 mmm

232 2893 377 2951 sedrerum
390 2897 470 2956 etiarn
489 2900 613 2976 ipsarum
630 2902 816 2978 amplihoator
828 2897 899 2953 hiat.
930 2885 1002 2945 QX
1008 2890 1101 2942 *W*
