2634 3367
271 336 301 384 66
408 334 604 385 TUSCULAN.
622 335 920 385 DlsPU'lATIONUM

270 446 402 518 cogitanti,
423 446 478 501 fore
502 445 636 518 aliquando
655 448 735 503 vlinem
756 446 833 518 hujus
853 447 917 502 lucis
937 449 964 502 et
988 447 1062 501 amisa

271 524 367 578 sionem
379 522 491 577 omnium
503 522 562 576 vitae
574 523 770 579 oommodorum.
797 524 857 578 Hoo
869 540 962 594 genere
974 522 1062 577 moles

270 598 315 655 oie
326 598 370 664 sio,
383 597 445 652 milri
456 597 537 662 orode,
551 616 607 652 sum
619 598 749 664 liberatus,
761 602 792 654 ιιι
804 599 867 653 nihil
879 599 962 654 minus
974 616 1064 654 ouran·

236 674 333 730 lldum
356 676 452 745 putem.
494 673 533 727 Μ.
552 673 660 729 Minime
683 674 774 729 mirum
794 675 821 729 id
841 674 952 744 quidem.
995 675 1064 728 Nam

271 750 347 807 officit
364 750 413 804 hoo
431 748 602 819 philosophia:
621 749 738 805 medetur
754 750 850 815 animis,
868 750 955 805 inanes
974 750 1065 804 sollici-

271 826 373 882 tudines
393 825 512 890 detrahit,
534 826 718 896 cupiditatibus
738 826 836 891 liberat,
858 826 929 897 pellit
950 826 1063 880 timores.

272 902 323 958 Sed
337 902 392 957 hmo
403 901 458 972 ejus
470 902 509 956 vis
527 919 579 956 non
590 900 657 957 idem
673 905 759 971 potest
776 902 844 973 apud
856 920 959 957 omnes:
977 906 1064 956 tamon

271 978 340 1033 valet
357 977 474 1043 multum,
493 995 572 1048 quum
592 981 633 1031 ost
652 977 769 1032 idoneam
787 978 917 1049 oomplexa
937 981 1063 1032 naturam.

271 1054 363 1109 Fortes
374 1054 442 1109 enim
453 1071 505 1108 non
517 1051 591 1107 modo
603 1051 707 1107 fortuna
718 1052 830 1123 adjuvat,
843 1058 873 1108 ιιι
885 1057 925 1108 est
940 1053 968 1107 in
980 1057 1065 1107 vetere

271 1130 412 1202 proverbio,
426 1128 471 1185 ned
488 1129 568 1184 multo
584 1130 665 1201 magis
677 1129 750 1196 ratio,
763 1148 819 1199 quaa
831 1128 980 1200 quibusdam
994 1128 1066 1200 quusi

272 1208 404 1279 proneptis
416 1207 548 1263 confirmat
561 1205 612 1260 uim
624 1205 790 1261 fortitudinis.
826 1205 863 1260 Te
879 1209 972 1260 natura
983 1204 1065 1260 exoel-

206 1306 208 1309 ·
273 1302 329 1339 sum
342 1282 475 1355 quemdam
488 1281 613 1347 videlieet,
626 1286 653 1337 ot
666 1282 753 1349 altum,
765 1286 792 1336 ot
808 1281 917 1336 humana
929 1280 1065 1350 despicien-

274 1364 326 1415 tem
337 1359 435 1430 genuit.
459 1359 552 1427 Itaque
564 1357 637 1412 facile
649 1358 676 1412 in
688 1358 771 1412 anino
783 1357 844 1413 lorti
859 1365 947 1412 eontra
958 1360 1065 1411 mortem

273 1435 360 1489 habitu
370 1432 463 1489 insedit
475 1433 564 1486 oratio.
595 1432 645 1487 Sed
657 1433 712 1488 haro
724 1433 812 1488 eadem
825 1452 887 1488 num
898 1450 987 1487 oenses
999 1431 1066 1501 apud

274 1528 317 1564 eos
329 1510 398 1579 ipsos
410 1508 499 1572 valera,
509 1507 559 1561 nisi
571 1507 706 1563 admodum
720 1527 820 1579 pauoos,
829 1528 845 1564 a
854 1508 945 1581 quibus
955 1509 1067 1573 inventa,

274 1586 410 1656 disputato,
423 1584 567 1653 oonsoriptu
582 1586 663 1639 sunt?
688 1584 791 1644 Quotus
807 1586 875 1641 euim
887 1584 1001 1655 quisque.
1012 1584 1068 1654 plri-

275 1661 436 1731 losophornm
447 1659 582 1725 invenitur,
595 1660 640 1730 qui
656 1660 691 1714 sit
706 1661 876 1727 immoratus,
889 1661 933 1716 ita'
942 1661 1026 1715 animo
1038 1678 1067 1714 ao

275 1737 328 1792 vito
336 1736 499 1800 constitutus,
510 1738 541 1790 ιιι
550 1736 616 1790 ratio
625 1736 759 1806 postulati
778 1737 821 1808 qui
830 1736 986 1807 disciplinam
996 1754 1067 1791 suam

275 1829 327 1867 non
338 1811 535 1867 ostentationem
548 1812 668 1878 scientiae,
681 1812 727 1867 sed
743 1812 825 1884 legem
837 1814 897 1868 vita
912 1815 1006 1883 putet?
1025 1812 1069 1882 qui

241 1889 433 1959 ltobtemperot
454 1887 511 1958 ipse
528 1887 577 1943 sibi
594 1892 621 1943 et
640 1888 749 1944 decretis
771 1889 824 1943 suis
842 1890 949 1959 pareat?
973 1888 1068 1944 Videre

276 1965 335 2021 lioet
355 1964 417 2020 alios
429 1968 504 2020 tanta
514 1964 619 2020 levitate
630 1968 657 2019 et
673 1965 820 2036 jactatione,
836 1965 867 2019 iis
879 1969 909 2020 ιιι
922 1965 1000 2019 fuerit
1017 1981 1070 2018 non

277 2041 395 2098 didioisse
416 2040 521 2097 molius:
547 2040 609 2096 alios
629 2041 743 2112 pecunia
764 2041 877 2111 cupidos,
900 2039 986 2111 gloria
1007 2058 1070 2095 non·

277 2117 368 2182 nullos,
389 2117 484 2173 multos
501 2117 633 2174 libidinum
651 2135 754 2173 servos:
778 2121 808 2172 ut
832 2135 890 2172 oum
908 2135 998 2171 eorum
1017 2117 1071 2172 vita

278 2193 427 2248 mirabiliter
443 2198 541 2264 pugnet
560 2195 657 2249 oratio:
679 2193 867 2265 quodquidam
887 2193 949 2248 mihi
968 2193 1071 2248 videtur

279 2285 336 2323 osse
352 2268 535 2339 turpissimum.
570 2271 609 2324 Ut
627 2271 703 2335 enim,
720 2269 742 2324 si
760 2269 953 2340 grammaticum
969 2287 997 2324 se
1013 2287 1071 2339 pro·

280 2344 363 2399 fessus
379 2345 503 2414 quispiam
518 2344 624 2400 barbare
636 2345 763 2415 loquatur,
777 2350 822 2400 aut
839 2347 861 2401 si
876 2345 985 2401 absurde
997 2349 1071 2401 canat

279 2421 310 2486 is,
323 2419 367 2492 qni
379 2438 406 2475 se
418 2419 506 2475 haberi
517 2420 579 2475 velit
591 2420 723 2487 musionm‚
735 2421 784 2477 hoo
796 2423 896 2492 turpior
910 2422 952 2486 sit,
966 2422 1033 2492 quod
1046 2423 1072 2476 in

280 2513 310 2552 eo
326 2496 382 2567 ipso
394 2498 489 2566 peooet,
506 2498 580 2565 nujus
596 2496 731 2565 profitetur
743 2498 890 2552 seientiam:
910 2497 947 2552 sio
964 2498 1072 2567 philoso-

280 2573 346 2643 phus
361 2572 389 2627 in
406 2571 574 2625 rationaviles
591 2589 705 2641 peccans,
724 2572 772 2627 lroc
787 2574 886 2644 turpior
898 2578 945 2638 eat,
960 2574 1029 2645 quod
1046 2575 1073 2628 in

280 2648 369 2713 offioio,
386 2650 459 2716 oujus
475 2646 597 2717 magister
614 2666 671 2702 esse
689 2648 752 2714 vult,
769 2650 870 2717 labitur,
889 2656 1020 2721 artemque
1036 2650 1073 2704 vi-

280 2728 315 2780 ta
326 2723 463 2794 professus,
476 2721 601 2793 delinquit
613 2723 640 2777 in
652 2725 713 2779 vita.

226 2801 265 2845 Μ
310 2799 339 2851 V.
356 2801 391 2853 Α,
405 2799 503 2857 Nonne
516 2800 656 2857 uerendum
668 2800 756 2874 igitur,
768 2802 792 2857 si
806 2804 846 2855 ost
857 2801 904 2864 itu,
914 2805 944 2855 ut
957 2801 1028 2867 diois,
1041 2820 1072 2856 ne

242 2867 444 2943 Philosophiam
456 2877 526 2937 falsa
537 2880 628 2956 gloria
640 2880 772 2939 exomesl
810 2876 894 2939 Quod
902 2881 945 2931 en
954 2877 1025 2931 emm
1031 2893 1084 2929 ma
