2634 3367
283 329 332 379 182
422 327 618 377 TUSCULAN.
636 325 936 377 DISPUTATIONUM

284 438 393 503 acerbas,
407 438 552 510 animosque
566 439 680 509 affligunt
696 436 722 494 et
734 438 868 494 debilitant
879 443 959 495 metu.
995 439 1073 495 Iiderri

283 516 439 569 inflammant
455 514 609 583 appetitione
626 515 720 569 nimia:
738 519 883 585 quamtum
900 515 1073 585 cupiditatem,

284 596 339 644 tum
359 589 486 644 libidinem
506 589 619 652 dicimus,
638 590 814 660 impotentiam
834 589 970 661 quamdam
990 589 1072 655 animi,

284 684 299 719 a
319 666 486 733 temperantia
506 675 532 720 et
553 666 724 720 moderatione
743 665 878 735 plurimum
900 665 1073 721 dissidentem.

244 743 347 806 se-Quae
365 741 387 795 si
407 740 507 812 quando
525 740 616 811 adepta
636 741 685 795 erit
703 739 737 805 id,
756 740 824 806 quod
841 740 865 794 ei
885 740 965 796 inerit
983 759 1075 797 concu-

284 818 374 887 pitum,
394 820 448 870 tum
470 817 574 871 effertur
596 816 733 882 alacritate,
755 819 785 870 ut
808 815 873 870 nibil
893 816 943 885 ipsi
965 821 1074 883 constet,

285 891 352 963 quod
364 896 440 962 agat:
457 897 487 946 ut
499 892 548 957 ille,
562 892 605 962 qui
617 892 772 961 voluptatem
782 894 869 945 animi
879 895 994 945 nimiam
1006 910 1075 946 auce

284 986 423 1022 muntem
436 987 548 1022 errorem
562 968 707 1022 arbitratur.
743 967 840 1021 Eorum
855 967 937 1039 igitur
951 968 1075 1024 malornm

283 1044 312 1099 in
322 1061 373 1098 una
384 1044 481 1099 virtute
493 1043 577 1114 posita
588 1044 686 1098 sanctio
697 1046 746 1097 eat.

321 1120 395 1175 XVI.
414 1119 482 1185 Quid
491 1124 575 1174 autem
587 1123 627 1174 est
638 1136 690 1173 non
701 1117 817 1172 miserius
829 1117 919 1185 solum,
928 1117 974 1173 aed
982 1118 1074 1175 fmdius

284 1195 362 1250 etiam
377 1199 404 1250 et
421 1195 564 1261 deformius,
577 1212 652 1265 quam
669 1193 818 1264 egritudine
831 1194 888 1263 quia
903 1194 1021 1261 afflictus,
1034 1194 1075 1250 de·

283 1271 407 1337 bilitatus,
425 1273 533 1342 jacensi
568 1270 618 1325 Cui
640 1269 747 1324 miserie
770 1270 900 1339 pmximus
920 1275 961 1324 est
979 1270 1012 1336 is,
1032 1270 1074 1341 qni

285 1348 488 1418 appropinquans
511 1344 612 1415 aliquod
635 1345 729 1399 malum
752 1344 845 1399 metuit
865 1346 1073 1417 exanimatusque

284 1423 378 1491 pendet
393 1423 476 1476 animi.
512 1422 597 1481 Quam
608 1421 658 1475 rim
675 1420 734 1474 mali
749 1420 919 1490 significantes
934 1425 1018 1492 poete
1029 1422 1074 1477 im·

284 1498 393 1567 pendere
405 1496 472 1567 apud
483 1496 577 1551 inferos
589 1514 678 1551 saxum
690 1496 796 1550 Tantalo
807 1496 904 1550 faciunt

317 1583 348 1629 ob
359 1582 449 1629 scelera
460 1581 581 1641 animique
592 1583 759 1642 impotentiam
770 1583 794 1628 et
804 1582 1060 1643 superbiloquentiam,

284 1673 315 1710 ea
330 1655 468 1712 communis
486 1672 559 1725 poena
574 1656 691 1710 stultitiae
706 1660 753 1711 est.
788 1656 913 1711 Omnibus
925 1658 1002 1725 enim,
1014 1674 1073 1729 quo·

284 1750 341 1785 rum
360 1750 430 1786 mens
442 1730 559 1785 abhorret
572 1749 587 1784 a
598 1732 703 1797 ratione,
717 1750 814 1802 semper
826 1732 903 1803 aliqui
914 1732 973 1787 talis
992 1739 1073 1787 terror

245 1816 276 1862 36
284 1807 420 1878 impendet.
456 1807 542 1877 Atque
554 1812 583 1861 ut
595 1807 634 1862 hae
645 1808 753 1863 tabifica
764 1808 856 1863 mentis
869 1808 1073 1877 perturbationes

284 1888 352 1949 sunt,
370 1882 545 1954 egritudinem
563 1883 619 1939 dico
637 1888 664 1938 et
684 1889 797 1938 metum:
819 1883 855 1938 sic
866 1884 998 1938 hilariores
1016 1885 1071 1950 illm,

280 1959 409 2030 cupiditas
426 1958 498 2013 avide
516 1977 614 2030 semper
628 1958 723 2030 aliquid
740 1964 870 2028 expetens,
882 1963 909 2012 et
924 1959 1008 2013 inanis
1026 1959 1074 2014 ala·

283 2038 368 2104 critas,
380 2036 406 2091 id
422 2039 462 2091 est
479 2035 568 2090 laetitia
584 2036 704 2106 gestiens,
717 2053 768 2088 non
785 2034 892 2088 multum
908 2034 1030 2089 differunt
1043 2036 1074 2090 ab

280 2112 400 2167 amentia
434 2111 474 2166 Ex
487 2130 537 2181 quo
553 2111 712 2182 intelligitur,
725 2110 806 2180 qualis
820 2110 862 2163 ille
874 2110 915 2175 sit,
930 2128 1004 2181 quem
1018 2118 1074 2165 turn

281 2187 449 2249 moderatum,
462 2186 521 2240 alias
537 2187 680 2241 modestum
697 2192 723 2240 et
735 2189 925 2255 temperantem,
939 2187 1003 2240 alias
1015 2205 1075 2242 con-

283 2267 393 2316 stantem
413 2263 633 2334 continentemque
651 2262 765 2317 dicimus.
800 2261 997 2332 Nonnumquam
1021 2264 1075 2318 haec

284 2335 369 2391 eedem
382 2335 503 2390 vocabula
514 2336 547 2389 cd
558 2337 712 2408 frugalitatis
729 2355 828 2401 nomen,
841 2340 970 2406 tamquam
988 2337 1075 2393 adca·

283 2415 337 2481 put,
348 2412 441 2465 referre
451 2410 574 2466 volumus.
600 2412 674 2476 Quod
685 2413 734 2466 nisi
746 2413 885 2466 eonomine
895 2414 1004 2466 virtutes
1015 2427 1075 2468 con*

283 2487 431 2549 timerentur,
442 2504 578 2556 numquam
591 2486 627 2540 ita
636 2487 810 2557 pervulgatum
824 2487 886 2541 illud
895 2494 970 2554 esset,
979 2492 1010 2542 ut
1019 2492 1074 2558 jam

283 2561 408 2633 proverbii
420 2561 503 2616 locum
522 2563 654 2626 obtineret,
669 2564 797 2616 bominem
808 2564 890 2632 frugi
907 2566 997 2617 ommia
1012 2575 1076 2619 recte

274 2643 369 2710 jacere.
405 2637 481 2696 Quod
502 2638 567 2693 idem
591 2657 668 2708 quum
691 2639 769 2692 Stoici
790 2638 820 2691 de
842 2639 960 2707 sapiente
976 2638 1073 2704 dicunt,

282 2714 357 2770 nimis
369 2713 548 2768 admirabiliter
560 2714 683 2783 nimisque
696 2714 826 2783 magnifice
839 2712 921 2767 dicere
933 2713 1062 2769 videntur.

232 2802 270 2855 57
311 2790 406 2846 XVII.
424 2790 494 2863 Ergo
507 2790 538 2855 is,
551 2790 664 2862 quisquis
677 2796 724 2852 cst,
734 2790 777 2858 qui
794 2788 964 2843 moderatione
977 2794 1004 2843 et
1017 2809 1075 2846 con·

258 2868 364 2925 stantia
377 2870 487 2945 quietus
504 2871 592 2929 auimo
609 2872 653 2927 est
669 2866 769 2937 sibique
781 2865 840 2933 ipse
853 2864 1020 2933 obnubilent
1028 2884 1079 2919 nst
