2634 3367
232 375 236 380 .
256 333 288 379 54
394 331 593 381 Tuscnnnu.
612 330 909 379 DISPU‘l'ATIONUll

256 441 366 511 eripiant
390 444 417 495 et
441 441 569 511 perferant
592 441 620 495 in
642 441 708 495 hanc
731 441 827 505 urbem,
851 441 918 495 sicut
941 440 1052 512 reliquas

257 535 353 581 omnes,
371 535 427 587 qnae
443 517 543 585 quidem
560 521 632 571 erant
649 516 803 586 expetenda,
821 516 907 571 studio
923 522 1000 589 atque
1015 518 1052 572 in·

258 593 359 648 dustria
367 610 415 647 sua
426 593 533 663 majores
545 594 626 647 nostri
638 593 800 647 tratulerunt.
829 596 913 664 Atque
922 599 1052 649 oratorum

259 668 361 739 quidem
377 668 433 723 laus
448 669 487 723 ita
499 669 575 723 ducta
590 670 622 724 ab
639 670 729 723 humili
740 670 810 723 veuit
826 670 858 724 ad
876 688 1011 736 summum,
1022 675 1052 724 ut

256 746 317 815 jam,
330 745 398 815 quod
417 753 509 799 natura
525 745 575 799 fert
593 746 619 800 in
635 746 752 801 omnibus
769 746 821 800 fere
837 744 921 808 rebus,
937 754 1053 801 senescat

260 821 381 890 brevique
396 824 511 891 tempore
527 821 560 875 ad
577 822 683 877 nibilum
700 828 807 877 ventura
822 821 953 876 videatur:
973 822 1054 892 philo·

260 898 350 967 sophia
358 902 478 952 nascatur
486 898 586 952 Latinis
596 899 696 969 quidem
706 899 787 953 literis
796 917 828 953 ex
840 899 879 953 his
889 898 1053 967 temporibus,

261 992 366 1045 eamque
384 992 432 1029 uos
448 974 612 1045 adjuvemus3
631 994 727 1045 nosque
744 976 813 1045 ipsos
829 974 946 1045 redargui
963 974 1053 1029 relelli-

261 1069 311 1121 que
324 1052 457 1121 patiamur.
494 1051 568 1117 Quod
584 1052 700 1106 iilerunt
712 1052 796 1107 animo
809 1052 902 1121 iniquo,
916 1051 960 1120 qui
976 1051 1053 1105 certis

262 1127 412 1197 quibusdam
424 1127 607 1199 destinatisque
620 1128 753 1183 sententiis
766 1128 836 1199 quasi
850 1127 944 1181 addicti
956 1135 982 1181 et
994 1145 1053 1182 con·

261 1205 354 1259 sectati
366 1209 434 1270 snut,
448 1223 529 1274 eaque
540 1205 692 1259 necessitato
704 1205 843 1269 constricti,
857 1208 893 1268 ut,
907 1204 983 1258 eliam
997 1222 1053 1274 quac

262 1299 314 1335 nou
329 1281 435 1351 probare
453 1281 558 1345 soleant,
571 1299 602 1335 ea
617 1288 741 1351 cogantur
756 1282 906 1335 constantiis
923 1298 999 1334 causa
1011 1279 1054 1333 de-

262 1357 379 1413 fendere:
399 1375 453 1423 nos,
465 1358 509 1426 qui
528 1359 656 1427 sequimur
669 1356 813 1426 probabilia,
831 1374 878 1412 nec
893 1356 961 1410 ult-ra
979 1374 1054 1426 qnam

263 1433 297 1498 id,
318 1433 386 1502 quod
405 1432 539 1487 verisimile
560 1434 705 1496 occurrerit,
728 1434 846 1502 progredi
867 1451 1008 1503 possumus,
1027 1436 1054 1485 et

263 1508 377 1563 refellere
395 1508 449 1563 sine
466 1508 604 1578 pertinacia
620 1513 646 1564 et
663 1509 741 1563 rclclli
760 1510 815 1563 sinc
832 1508 961 1563 iracundia
974 1508 1054 1577 parali

264 1603 361 1641 smnus.

240 1666 257 1724 fl
300 1661 374 1726 Quod
384 1660 405 1715 si
417 1660 472 1715 bac
484 1659 569 1715 studia
577 1659 695 1715 traducta
704 1666 779 1716 erunt
792 1662 824 1717 ad
836 1664 944 1725 nostros,
957 1679 989 1716 ne
1001 1659 1056 1714 bib·

264 1737 379 1792 liotbecis
401 1736 501 1806 quidem
524 1738 619 1791 Gracia
642 1738 788 1808 egebimus3
812 1737 951 1806 inquibus
972 1737 1055 1790 multi·

264 1813 327 1868 tndo
340 1814 440 1869 infinita
451 1812 571 1868 librorum
586 1820 689 1884 propter
702 1832 788 1868 eorum
800 1817 840 1869 est
858 1812 1055 1877 multitudinem,

265 1890 309 1960 qni
321 1891 485 1961 scripserunt.
510 1891 606 1945 Eadem
615 1891 681 1945 enim
692 1890 811 1944 dicuntur
820 1908 835 1944 a
844 1889 930 1944 multis
938 1912 946 1954 ;
964 1906 1056 1958 exque

264 1966 335 2022 libris
347 1966 431 2021 omnia
443 1966 608 2021 referserunt.
636 1967 711 2033 Quod
723 1967 819 2022 accidet
831 1966 906 2020 etiarn
919 1965 1021 2029 nostrie,
1034 1964 1056 2017 si

265 2043 298 2099 ad
308 2045 363 2100 baec
371 2043 457 2100 studia
469 2043 553 2115 plures
562 2044 738 2099 confluxerint.
762 2042 812 2097 Sed
821 2060 872 2108 eos,
881 2042 903 2096 si
915 2059 1057 2109 possumus,

266 2121 412 2186 excitemus,
426 2121 470 2190 qui
486 2120 622 2175 liberaliter
637 2120 738 2185 eruditi,
757 2117 870 2173 adbibita
885 2117 961 2172 etiam
979 2117 1057 2172 disse·

266 2196 338 2251 rendi
350 2196 482 2267 elegantia,
494 2198 593 2252 ratione
604 2202 631 2252 et
643 2198 685 2251 via
696 2195 913 2267 philosophantur.

243 2272 258 2325 7
301 2271 355 2327 III.
372 2272 420 2327 Est
432 2272 501 2326 enim
513 2273 639 2343 quoddam
652 2290 733 2343 genus
745 2288 841 2337 eorum,
853 2270 936 2341 quise
948 2269 1058 2338 philoso·

266 2346 331 2416 phos
343 2347 462 2416 appellari
474 2347 572 2413 volunt,
586 2365 694 2417 quorum
706 2347 826 2402 dicuntur
835 2364 891 2401 esse
899 2346 986 2400 Latini
998 2363 1059 2400 sane

267 2421 342 2477 multi
357 2421 430 2477 libri:
449 2441 513 2493 qnos
529 2442 582 2477 non
593 2428 727 2478 contemno
743 2422 867 2489 equidem,
886 2422 979 2492 quippe
995 2440 1059 2493 quos

267 2516 403 2567 numquam
414 2497 533 2568 legerim:
553 2498 597 2553 sed
608 2501 667 2569 quia
679 2498 831 2570 profitentur
842 2498 891 2567 ipsi
902 2498 946 2562 illi,
960 2499 1004 2569 qui
1016 2516 1059 2552 eos

268 2573 389 2639 scribunt,
411 2591 439 2628 se
459 2592 542 2645 nequo
562 2574 690 2642 distincte,
709 2594 791 2645 neque
812 2573 956 2639 distribute,
977 2592 1060 2644 neque

268 2649 403 2721 eleganter,
423 2669 506 2721 neque
524 2656 612 2707 ornate
633 2653 757 2718 scribere3
779 2652 912 2706 lectionem
934 2651 989 2704 sine
1009 2651 1061 2704 ulla

268 2727 434 2782 delectatione
446 2727 555 2798 negligo.
583 2729 649 2792 Quid
662 2730 729 2784 enim
738 2728 823 2783 dicant
835 2732 863 2782 et
875 2726 936 2797 quid
948 2726 1060 2781 sentiant

248 2801 278 2859 121
290 2804 421 2867 qm'sunt
434 2804 469 2860 ab
485 2823 516 2861 ea
532 2803 675 2878 disciplina,
692 2822 768 2861 nemo
782 2803 942 2859 mediocriter
959 2803 1061 2872 quidem

230 2868 333 2927 ‘'¹⁰05OE
341 2876 464 2946 amoma
506 2884 701 2954 Quamobrem,
714 2883 849 2959 quoniam,
860 2877 1076 2951 quemadmodum
