2634 3367
463 355 530 403 Lus
549 355 601 403 111.
623 355 697 404 CAP.
718 357 754 413 10,
769 356 806 404 11.
997 358 1026 406 Ol

236 464 314 519 animi
326 463 541 535 perturbationem
554 464 689 535 appellaui.
719 464 819 519 Vooaut
832 464 898 519 enim
910 470 989 529 atter,
1003 464 1030 520 id

235 546 276 595 est
293 540 415 605 morbum,
429 542 581 611 quicumque
599 546 639 595 est
656 548 740 595 motus
758 542 785 596 iu
801 541 885 596 auimo
901 540 1027 596 turbidus.

235 616 293 671 Nos
304 616 409 670 melius:
427 617 502 686 aegris
516 616 582 672 enim
594 616 742 686 eorporibus
759 615 885 671 simillima
896 620 936 671 est
952 617 1029 672 animi

234 691 367 761 agritudo.
403 693 439 746 At
457 709 508 746 non
526 692 614 746 similis
633 692 807 762 aegrotationis
823 696 863 747 est
879 690 964 755 libido,
977 710 1028 747 nou

234 766 399 821 immoderata
419 766 516 832 letitia,
537 785 593 838 quar
614 774 654 821 est
675 767 792 837 voluptas
813 767 890 823 animi
912 766 980 821 etsta
1001 772 1028 823 et

233 843 354 912 gestiens.
391 843 450 912 Ipse
468 842 544 897 etiam
563 847 648 897 metus
667 846 776 897 nonest
793 842 874 897 morbi
892 840 1028 897 admodum

234 917 331 982 similis,
350 936 501 988 quamquam
518 917 664 988 egritudini
684 921 724 973 est
745 917 885 973 finitimus:
909 917 954 973 sed
972 935 1028 988 pro·

234 993 297 1063 prio,
314 1000 345 1048 ut
365 992 498 1064 {egrotatio
518 994 545 1047 iu
565 1011 679 1064 eorpors,
697 992 734 1048 sio
752 991 877 1062 egritudo
898 992 926 1047 in
944 992 1027 1047 anhro

233 1086 327 1123 nornen
343 1068 419 1124 babet
437 1086 489 1123 non
505 1071 650 1138 sejunctum
667 1067 791 1123 adolere.
827 1067 930 1122 Doloris
947 1067 1027 1138 igitur

233 1144 312 1213 hujus
327 1147 398 1215 origo
415 1144 489 1200 uobis
505 1144 654 1215 explioanda
668 1149 717 1209 est,
730 1143 808 1199 idest
825 1160 902 1199 eausa
919 1143 1027 1198 edioieus

233 1219 410 1291 aegritudinem
427 1220 454 1274 iu
471 1220 562 1285 animo,
575 1228 705 1291 tamquam
723 1218 914 1290 aegmtatiouem
931 1218 959 1271 in
973 1235 1028 1273 oor·

233 1313 303 1367 pore.
326 1295 403 1361 Nam,
415 1298 445 1351 ut
458 1295 555 1361 medioi,
568 1313 645 1352 eausa
656 1294 738 1350 morbi
750 1294 860 1362 iuventa,
872 1292 1028 1349 curationem

233 1388 290 1426 esse
310 1371 439 1426 inventam
458 1375 565 1441 putant:
591 1372 628 1427 sio
647 1388 702 1435 nos,
721 1387 798 1426 eausa
815 1367 972 1441 egritudinis
989 1388 1029 1424 re·

232 1450 314 1517 ports,
325 1445 441 1502 medendi
453 1447 601 1502 facultatem
613 1446 775 1517 reperiemus.

269 1522 318 1575 XI.
336 1522 385 1577 Est
408 1522 488 1594 igitur
508 1540 584 1577 causa
604 1522 686 1577 omnis
707 1522 734 1577 iu
756 1521 881 1592 opinione,
901 1538 949 1576 neo
967 1528 1069 1576 rerott

233 1596 392 1668 egritudinis
409 1598 498 1662 solum,
514 1597 559 1652 sed
576 1598 653 1653 etiam
671 1597 822 1668 reliquarum
841 1597 954 1652 omnium
972 1614 1028 1665 per-

232 1672 423 1728 turbationum:
442 1691 498 1743 quoe
507 1677 568 1728 sunt
577 1689 670 1744 genere
679 1679 795 1744 quatuor,
806 1672 920 1742 partibus
933 1672 1026 1743 plures.

232 1748 302 1803 Nam
315 1767 392 1820 quum
410 1748 492 1803 omnis
510 1748 668 1818 perturbatio
685 1747 719 1802 sit
737 1747 814 1802 animi
832 1752 917 1803 motus
932 1747 972 1802 rel
989 1765 1027 1801 ra·

232 1824 311 1878 tionis
329 1841 427 1893 expers,
445 1823 487 1878 vel
504 1824 626 1878 rationem
645 1840 790 1893 aspernans,
809 1823 849 1877 vel
865 1823 958 1877 rationi
976 1840 1028 1877 non

232 1898 363 1964 obediens,
382 1899 453 1969 isque
474 1904 559 1953 motus
578 1902 624 1953 aut
640 1898 701 1954 boni
719 1902 763 1952 aut
783 1897 840 1952 mali
858 1897 975 1968 opinione
992 1898 1028 1952 oi·

232 1978 319 2029 tetur:
342 1974 457 2030 bifariam
478 1980 587 2045 quatuor
605 1973 809 2045 perturbationes
830 1972 961 2043 equaliter
978 1972 1028 2027 dis·

232 2051 337 2106 tributo
349 2055 417 2105 suut.
441 2050 509 2105 Nam
520 2050 577 2105 duae
589 2053 649 2105 sunt
659 2068 691 2104 ex
700 2049 817 2119 opinione
829 2048 903 2103 boui:
922 2064 1028 2119 quarum

232 2126 314 2181 altera
333 2125 450 2197 voluptas
474 2127 595 2197 gestiens,
614 2125 641 2180 rd
662 2128 703 2180 est
726 2127 819 2195 prater
839 2123 942 2178 modum
963 2122 1029 2177 elata

231 2201 329 2267 latitia,
342 2202 459 2272 opinione
474 2202 606 2271 praesentis
624 2200 710 2271 magui
727 2198 833 2270 alicujus
845 2199 922 2265 boui;
940 2197 1026 2265 altera,

233 2295 290 2348 que
307 2280 347 2332 est
365 2276 530 2332 immoderata
546 2277 670 2349 appetitio
688 2275 785 2347 opinati
803 2275 887 2347 magni
904 2274 971 2341 boni,
988 2293 1029 2330 ra-

232 2352 297 2407 tioni
321 2370 372 2407 uon
391 2352 635 2422 obtemperasset
658 2350 784 2422 eupiditas
806 2356 876 2408 reete
893 2351 933 2407 vei
950 2350 1028 2407 libido

232 2426 283 2483 dioi
295 2431 388 2499 potest.
424 2428 495 2499 Ergo
506 2428 560 2483 boo
572 2427 624 2483 duo
634 2445 735 2499 genera,
747 2427 864 2498 voluptas
876 2427 989 2498 gestiens
1001 2431 1027 2483 et
1036 2436 1066 2484 25

231 2502 318 2567 iibido,
339 2503 463 2559 bonorum
483 2503 601 2573 opinione
624 2502 776 2571 tunbertum
800 2507 831 2560 ut
852 2502 904 2558 duo
924 2502 1028 2574 reliqua,

231 2582 317 2633 metus
337 2581 364 2634 et
384 2578 518 2651 aegritudo,
535 2578 667 2634 malorum.
704 2578 770 2633 Nam
792 2582 819 2634 et
839 2581 923 2634 metus
942 2578 1027 2648 opinio

232 2654 319 2725 magni
335 2653 395 2709 maii
412 2653 589 2725 impendentis,
600 2657 628 2709 et
643 2653 769 2723 egritudo
785 2657 825 2709 est
841 2653 926 2723 opinio
942 2652 1037 2732 magui¹

231 2729 293 2784 maii
305 2728 444 2799 proesentis,
457 2733 484 2784 et
496 2729 598 2800 quidem
609 2747 698 2784 reeens
710 2728 795 2800 opinio
807 2728 866 2783 talis
878 2726 949 2789 mati,
958 2731 992 2778 ut
1001 2727 1045 2805 iu⁸

231 2822 263 2861 oo
280 2808 378 2860 reotmn
391 2804 508 2860 rideatur
523 2823 580 2863 esse
597 2805 676 2880 angis
692 2804 724 2863 id
737 2808 833 2862 autem
847 2804 946 2866 esunt.
955 2798 1063 2863 &wne

223 2878 316 2943 doleat,
335 2883 457 2948 oportere
476 2882 605 2957 opinetur
625 2903 656 2945 ss
679 2883 786 2943 detero.
815 2877 881 2936 nis
900 2875 1004 2928 susm
1015 2875 1085 2929 W·
