2634 3367
311 372 356 417 llo
447 367 642 417 TUSCULAN.
662 365 961 415 DISPUTATIONUM

309 498 387 551 aeque
404 497 460 533 sese
477 483 566 533 eontra
586 477 715 533 fortunam
733 476 902 533 arbitrantur:
925 479 956 531 nt
975 475 1018 532 ille
1034 472 1094 545 apud

309 555 465 625 Euripidem,

375 640 400 687 Si
411 638 471 687 mihi
483 653 547 685 nunc
559 638 634 685 tristis
646 640 751 699 primurn
765 637 884 685 illuxisset
896 637 955 694 dies,
978 647 980 652 '

373 724 417 757 nec
429 715 478 755 tam
490 722 625 755 aerumnoso
638 707 813 768 navigavissem
827 708 889 753 salo:

373 781 435 826 esset
446 777 540 825 dolendi
551 775 637 832 eadam
656 785 683 824 ut
695 778 782 839 injecto
795 777 889 839 equulei

373 848 439 895 stand
451 854 548 909 repente
559 850 622 895 lactu
634 845 786 907 exagitantuir
797 862 865 894 novo.

374 920 421 966 Sed
429 920 479 981 jfim
490 919 603 966 subactus
613 920 717 967 miseriis
729 917 846 980 obtorpui.

308 1002 466 1074 Delatigatio
483 1001 562 1072 igitur
575 1000 731 1058 miseriarum
748 1001 911 1073 egritudines
927 1018 1007 1072 quum
1024 1001 1097 1062 iaciat

308 1076 423 1143 leniores,
442 1077 549 1148 intelligi
566 1095 668 1131 necesse
686 1083 733 1143 est,
752 1096 804 1132 non
821 1095 875 1132 rem
894 1076 977 1146 ipsam
998 1095 1097 1132 eausam

269 1161 300 1209 68
309 1160 385 1226 atque
406 1155 500 1209 iontem
525 1171 581 1208 esse
604 1153 723 1207 maeroris.
761 1152 909 1222 Philosophi
933 1153 1034 1218 summi,
1056 1171 1096 1208 ne·

309 1231 418 1303 quednm
430 1236 516 1286 tamen
531 1229 680 1299 sapientiam
695 1229 831 1295 consecuti,
843 1245 926 1285 nonne
943 1228 1096 1300 intelligunt,

308 1308 335 1362 in
352 1326 450 1363 summo
467 1326 494 1362 se
511 1306 576 1360 malo
595 1306 670 1361 esse?
706 1306 771 1361 Sunt
789 1306 855 1360 enim
873 1304 1040 1374 insipientes:
1058 1324 1097 1360 ne

309 1402 357 1453 que
371 1382 515 1453 insipientia
531 1382 609 1435 ullum
627 1381 708 1452 majus
724 1382 816 1437 malum
834 1383 888 1436 est:
910 1398 994 1450 nequa
1013 1384 1098 1436 tamen

308 1457 403 1527 lugent.
434 1456 503 1517 Quid
515 1457 570 1511 ita?
589 1457 648 1526 quia
660 1457 720 1511 huic
731 1458 817 1529 generi
829 1456 951 1511 malorum
963 1474 1017 1511 non
1028 1458 1098 1518 affin·

307 1533 377 1602 gitur
388 1531 430 1585 illa
441 1531 532 1602 opinio,
547 1532 656 1589 Rectum
673 1550 729 1588 essa
744 1537 771 1587 et
786 1551 886 1604 equum
897 1535 924 1587 et
941 1530 974 1585 ad
988 1532 1096 1590 officium

308 1608 439 1678 pertinere,
452 1625 518 1678 aegre
530 1607 603 1672 lerrc,
617 1608 685 1678 qnod
696 1610 795 1680 sapiens
808 1628 859 1665 non
870 1609 913 1665 ais·
939 1608 1019 1669 Quod
1030 1610 1097 1665 idem

307 1684 448 1754 affingimus
468 1683 527 1737 huic
545 1683 696 1753 egritudini,
715 1686 742 1739 iu
760 1704 811 1756 que
830 1686 915 1741 luctus
935 1685 1018 1751 inest;
1041 1705 1097 1757 quas

267 1768 298 1815 69
306 1760 415 1815 omnium
429 1759 537 1813 maxima
548 1763 594 1812 est.
630 1760 722 1829 Itaque
734 1762 892 1827 Aristoteles,
903 1763 1002 1816 veteres
1015 1762 1096 1833 philo·

306 1837 398 1907 sophos
410 1852 538 1899 accusans,
552 1835 595 1904 qui
612 1835 832 1903 existimavissent,
845 1836 1029 1907 philosophiam
1041 1839 1096 1894 suis

305 1911 412 1983 ingeniis
433 1930 488 1966 esse
509 1910 654 1981 perlectam,
676 1912 711 1966 ait
733 1930 776 1967 eos
798 1918 842 1967 aut
863 1912 1028 1967 stultissimos
1052 1917 1097 1969 aut

306 1988 497 2058 gloriosissimos
514 1988 607 2042 luisse:
626 1988 672 2042 sed
689 2007 717 2043 se
729 1988 821 2056 videre,
834 1988 901 2060 quod
919 1987 1006 2058 paucis
1023 1990 1097 2044 annis

306 2082 398 2135 inagna
409 2065 518 2119 accessio
531 2064 599 2118 lacta
614 2067 689 2128 esset,
702 2063 772 2118 brevi
784 2068 897 2135 tempore
913 2063 1097 2135 philosophiam

306 2138 379 2208 plane
402 2139 542 2194 absolutam
565 2139 627 2194 fore.
663 2140 852 2209 Theophrastus
876 2143 962 2194 autem
985 2140 1096 2195 moriens

306 2231 437 2268 accusasse
455 2219 571 2268 naturam
595 2214 694 2279 dicitur,
717 2214 785 2285 quod
805 2214 885 2269 cervis
906 2218 932 2269 et
952 2215 1097 2270 cornicibus

306 2288 384 2342 vitam
396 2288 548 2353 diuturnam,
559 2307 666 2358 qnorum
679 2290 705 2344 id
716 2291 778 2345 nihil
790 2291 933 2357 interesset,
941 2289 1096 2355 hominibus,

306 2382 413 2431 quorum
433 2363 540 2416 maxime
560 2364 725 2430 interfuisset,
745 2371 797 2421 tam
818 2368 934 2438 exiguam
952 2365 1031 2420 vitam
1053 2364 1097 2420 de·

306 2437 399 2491 disset:
420 2455 526 2507 quorum
542 2437 565 2491 si
582 2443 643 2493 aetas
661 2441 787 2509 potuisset
804 2461 859 2497 csse
875 2441 1042 2513 longinquior,
1056 2440 1097 2496 iu·

306 2518 391 2566 turum
409 2512 494 2578 luisse,
507 2516 544 2577 ut,
557 2513 674 2569 omnibus
692 2517 811 2585 perlectis
830 2517 934 2586 artibus,
952 2517 1020 2571 omni
1037 2516 1096 2571 doc·

305 2588 373 2643 trina
389 2589 517 2644 hominum
533 2589 587 2644 vita
602 2590 752 2646 erudiretur.
789 2594 948 2659 Querebatur
964 2592 1051 2663 igitur,
1068 2610 1096 2647 se

305 2673 369 2735 tum,
383 2688 460 2741 quum
478 2669 521 2724 illa
536 2669 620 2724 videre
638 2672 764 2741 coepisset,
782 2672 918 2744 exstingui.
956 2671 1042 2737 Quid?
1064 2689 1096 2726 ex

306 2747 396 2802 ceteris
413 2745 568 2817 philosophis
585 2763 668 2800 nonne
680 2747 791 2817 optimus
808 2753 834 2803 et
851 2747 1015 2819 gravissimus
1028 2748 1096 2818 quis-

293 2840 347 2892 que
363 2823 506 2879 confitetur
522 2819 606 2877 multa
624 2840 653 2877 se
670 2822 798 2895 ignorare,
813 2827 842 2877 et
856 2823 940 2875 multa
953 2822 1005 2875 sihi
1018 2823 1095 2875 etiam

234 2902 363 2974 Matque
376 2900 459 2956 ctiam
475 2919 534 2957 esse
548 2898 698 2957 discendat
734 2899 831 2968 Neque
840 2898 940 2954 nmen,
950 2910 1032 2958 nuum
1042 2894 1115 2941 sem
