2634 3367
375 341 445 393 LlB.
463 342 493 389 V.
512 341 588 393 cAP.
600 346 640 400 32,
653 344 693 391 33.
851 342 899 390 189

216 472 257 526 pue
274 460 420 525 superaret:
442 455 490 510 sibi
507 456 570 510 nihil
581 455 683 509 deesse:
705 453 742 509 illi
758 453 821 508 nihil
833 452 895 508 satis

216 552 224 586 ι
235 532 290 587 sore
300 552 306 586 τ
325 551 352 587 se
365 534 420 602 ejus
429 532 572 602 voluptates
584 550 636 587 non
644 532 792 597 desiderare,
803 530 895 602 quibus

216 627 241 663 ιιι
259 608 346 663 satiari
362 608 405 663 ille
421 614 523 678 posset3
541 626 600 663 suas
614 626 672 663 eum
690 608 810 669 oonseoui
825 606 895 664 mtto

216 700 275 737 isse.

218 759 271 813 HI.
301 758 389 824 Vides,
415 758 498 823 eredo,
521 762 552 813 ut
575 759 702 829 Epicurus
726 757 893 829 cupiditatum
904 766 935 814 93

216 834 337 897 diviserit,
356 851 407 887 uon
426 835 501 888 nimis
518 834 626 890 sortasse
643 834 779 900 subtiliter,
797 834 894 889 utiliter

233 910 325 980 pnrtim
346 927 402 963 esse
422 909 550 964 naturales
571 918 598 965 et
620 910 781 977 necessarias,
802 910 893 980 partim

216 1004 234 1041 as
252 989 278 1039 et
295 1003 347 1039 non
363 985 524 1049 necessarias,
542 985 633 1055 partim
650 991 786 1040 neutrum:
808 1003 895 1041 neces·

216 1061 289 1116 atiari
306 1078 380 1131 posse
398 1078 469 1131 poene
486 1061 576 1127 nihilo;
598 1060 698 1116 divitias
714 1061 780 1115 euim
797 1067 894 1115 nature

216 1136 310 1192 ubiles:
329 1136 467 1191 seeundum
479 1142 564 1191 autem
576 1155 657 1207 genus
669 1136 835 1206 cupiditatum
847 1155 894 1193 neo

217 1212 295 1267 ndum
304 1212 402 1267 difficile
411 1231 466 1267 esse
475 1217 569 1276 censet,
579 1230 626 1268 nee
634 1229 694 1266 vero
703 1211 734 1266 ad
746 1211 893 1266 carendum:

223 1288 291 1360 quod
307 1293 393 1343 essent
412 1288 485 1358 plane
501 1288 597 1353 inanes,
615 1305 698 1358 neque
718 1287 894 1342 necessitatem

216 1364 257 1418 sed
279 1382 312 1418 ne
334 1369 451 1418 naturam
472 1363 573 1432 quidem
597 1364 760 1433 attingerent,
779 1362 894 1417 funditus

216 1458 243 1493 as
260 1440 367 1510 putarit.
403 1440 463 1493 Hoo
480 1439 535 1493 loeo
553 1437 633 1493 multa
649 1438 682 1493 ab
698 1438 830 1508 Epicureis
846 1438 894 1492 dis·
904 1452 935 1499 94

216 1533 239 1580 r,
263 1532 349 1584 enque
372 1513 515 1584 voluptates
540 1513 685 1584 singillatim
710 1518 893 1569 extenuantur:

223 1606 316 1660 genera
324 1608 374 1645 non
383 1596 555 1654 contemnunt,
566 1595 682 1660 querunt
693 1593 779 1644 tamen
790 1589 894 1660 copiam.

216 1684 220 1718 ;
237 1666 358 1721 obscenas
375 1666 526 1736 voluptates,
540 1666 571 1720 de
589 1666 681 1738 quibus
699 1666 779 1721 multa
796 1666 827 1721 ab
845 1666 895 1721 illis

232 1744 320 1808 oratio,
334 1744 427 1811 faciles,
445 1762 596 1808 communes,
615 1744 642 1798 in
659 1743 741 1799 medio
759 1743 821 1799 sitas
839 1760 894 1797 esse

228 1836 321 1888 easque
338 1820 360 1873 si
377 1824 469 1873 natura
481 1819 599 1888 requirat,
611 1835 663 1872 nou
678 1836 770 1888 genere
782 1822 826 1873 aut
838 1819 894 1872 loeo

216 1894 263 1959 ine,
276 1894 321 1949 sed
339 1894 426 1957 forma,
439 1898 521 1959 etate,
533 1894 615 1963 figura
631 1892 770 1947 metiendas
787 1897 893 1963 putant:

216 1988 230 2024 e
242 1971 369 2024 abstinere
385 1969 487 2023 minime
499 1985 554 2023 esse
567 1968 674 2031 difficile,
687 1968 708 2022 si
720 1971 764 2022 aut
776 1967 894 2021 valetudo

216 2045 275 2101 >ium
293 2050 338 2100 ant
351 2046 418 2099 fama
434 2044 562 2115 postulet:
581 2044 731 2114 omninoque
748 2060 829 2113 genus
847 2041 895 2097 hoo

216 2139 264 2175 zum
282 2120 392 2190 optabile
407 2138 470 2187 esse,
482 2120 504 2175 si
521 2138 573 2174 non
588 2119 670 2185 ohsit;
689 2117 807 2189 prodesse
824 2136 894 2172 uum·

224 2196 367 2266 Totumque
383 2196 430 2250 hoe
442 2195 473 2250 de
487 2195 616 2265 voluptate
627 2194 664 2250 sio
675 2194 716 2249 ille
731 2194 851 2265 praeoipit,
864 2197 893 2248 ut
902 2204 932 2252 95

216 2290 263 2326 em
286 2271 366 2342 ipsam
389 2289 435 2341 per
457 2288 494 2336 se,
515 2271 574 2342 quia
594 2269 709 2340 voluptas
733 2270 774 2335 sit,
796 2287 894 2340 semper

216 2366 241 2401 ru
269 2346 486 2417 expetendamque
513 2349 607 2417 putet:
637 2345 774 2418 eademque
796 2346 894 2402 ratione

233 2423 266 2478 ob
282 2423 308 2477 id
325 2423 416 2492 ipsum,
429 2422 489 2493 quia
505 2422 576 2477 dolor
593 2422 635 2488 sit,
648 2441 747 2493 semper
758 2441 813 2479 esse
827 2424 894 2495 fngi-

234 2500 320 2569 itaque
338 2499 385 2552 huo
402 2516 508 2552 usurum
526 2499 729 2569 compensatione
746 2499 892 2569 sapientem,

216 2578 302 2629 >tatem
319 2574 409 2644 fugiat,
427 2573 449 2628 si
465 2591 495 2628 ea
509 2574 627 2643 majorem
645 2574 756 2629 dolorem
773 2575 894 2629 effectura

216 2651 326 2706 dolorem
348 2650 477 2720 suscipiat,
499 2654 619 2720 majorem
640 2651 787 2706 efficientem
807 2651 893 2721 volup
938 2650 940 2656 ’

225 2728 359 2796 omniaque
378 2725 498 2798 jucunda,
515 2744 666 2797 quamquam
686 2744 762 2781 sensu
782 2726 894 2795 eorporis

217 2821 252 2866 ur,
266 2802 299 2858 ad
316 2803 433 2859 animum
449 2801 543 2861 reterri
553 2807 666 2869 tamem,
680 2799 808 2871 euoenon
819 2802 961 2860 uemffi

222 2886 276 2935 tam
294 2880 350 2953 diu,
369 2883 434 2943 dum
453 2888 621 2961 praesentem
636 2880 744 2942 meum
754 2872 964 2937 uduutssffls„
