2634 3367
410 328 458 377 194
546 325 744 376 uuchLArs.
762 323 1067 374 DISPUTATIONUM

408 437 445 491 At
456 436 523 492 euim
535 436 598 501 sine,
607 435 747 507 ignominia
758 436 857 491 afficere
869 435 1031 505 sapientem?
1050 436 1083 491 de
1095 453 1144 506 sap:

408 512 475 567 enim
493 512 547 567 hcc
566 512 647 567 omnis
668 512 750 566 oratio
770 518 819 576 est,
837 511 880 567 oui
898 510 956 581 jure
976 509 1004 565 id
1024 511 1143 567 accidere

198 647 200 662 Ι
408 588 504 656 possit:
530 605 589 641 nem
608 591 668 658 jure
692 587 852 644 exsulantem
874 586 1001 642 consolari
1023 604 1079 641 non
1099 604 1144 658 op(

198 669 202 686 '
243 663 250 722 ¹,
354 672 398 717 tos
409 665 542 719 Postremo
554 661 587 718 ed
598 680 686 717 omnes
702 680 777 719 casus
789 662 909 718 facillima
920 662 987 717 ratio
998 665 1039 717 est
1054 679 1144 717 eorum

408 739 441 795 ad
456 738 613 810 voluptatem
631 756 662 794 ea
678 739 871 810 referuntque
887 741 1033 811 sequuntur
1049 739 1078 794 in
1093 740 1144 795 vite

407 834 567 889 quocumque
590 816 644 871 hac
673 815 730 871 loco
754 814 927 888 suppeditent,
952 814 989 871 ibi
1012 814 1090 871 beate
1115 833 1144 887 qu

407 894 500 948 vivere.
537 892 629 963 Itaque
652 890 685 947 ad
707 909 808 948 omnem
832 890 957 947 rationem
982 890 1078 947 leucri
1097 908 1144 949 vor

407 967 560 1024 commodari
572 971 666 1039 potest,

568 1116 602 1127 -
612 1090 694 1139 Pttrie
704 1095 748 1148 eat,
760 1090 908 1154 ubicumque
918 1092 956 1139 est
965 1090 1035 1139 bene.

408 1202 525 1258 Socrates
542 1202 643 1274 quidem
659 1219 740 1274 quum
756 1205 899 1275 rogaretur,
917 1201 1031 1273 cuiatem
1048 1219 1077 1259 se
1094 1219 1144 1258 esai

406 1284 484 1344 oeret,
496 1279 676 1344 Mendesion,
694 1277 786 1349 inquit.
821 1277 913 1335 Totius
930 1278 998 1335 euim
1016 1278 1107 1333 mundi
1125 1296 1144 1333 ss

405 1354 486 1409 oolam
498 1357 525 1411 et
537 1354 617 1409 civem
629 1353 808 1410 arbitrabatur.
839 1354 908 1421 Quid
919 1353 950 1409 Τ.
960 1354 1104 1410 Albucius?
1121 1373 1144 1410 ns

406 1430 490 1484 animo
508 1430 652 1501 equissimo
669 1430 780 1486 Athenis
800 1430 874 1486 exsul
892 1429 1141 1501 philosophabatur?

191 1551 197 1574 ,
227 1535 260 1584 ,¹
406 1511 493 1560 tamen
509 1505 573 1561 illud
588 1506 673 1576 ipsum
690 1524 743 1562 uou
760 1506 902 1575 accidisset,
916 1506 946 1572 si,
961 1506 990 1562 iu
1006 1505 1137 1577 republica

209 1585 214 1656 ζ
226 1603 250 1676 ,ἰ-
352 1593 502 1645 recessere,
524 1582 630 1652 Epicuri
649 1581 749 1653 legibus
771 1583 905 1653 paruisset.
940 1582 995 1643 Qui
1015 1581 1085 1638 enim
1106 1581 1144 1636 bes

405 1658 540 1727 Epicurus,
559 1659 628 1729 quod
646 1658 775 1728 lupatria
792 1658 901 1725 visebat,
915 1676 991 1731 quam
1008 1658 1077 1729 quod
1092 1656 1144 1712 Aah

406 1733 590 1789 Metrodorus?
609 1736 654 1788 sut
671 1733 746 1789 Plato
763 1736 932 1791 Xenocratem
948 1735 1074 1799 vincebat,
1092 1737 1138 1788 aut

406 1810 472 1866 lemo
489 1810 635 1880 Arcesilam,
651 1827 703 1882 quo
720 1814 788 1866 esset
805 1810 923 1867 beatior?
958 1810 1058 1870 Quanti
1076 1826 1137 1864 vero

406 1888 496 1943 civitas
516 1885 665 1943 aestimanda
685 1890 732 1955 est,
750 1905 784 1942 ex
802 1905 852 1959 qua
872 1885 933 1942 boni
953 1887 1132 1957 sapientesque

406 1965 514 2019 luntur?
549 1964 704 2019 Demaratus
725 1962 835 2033 quidem,
857 1962 996 2034 Tarquinii,
1018 1961 1088 2033 regis
1111 1978 1144 2015 no

406 2042 647 2171 lii’i'mlnll
666 2037 904 2169 1111111111
925 2038 993 2168 {ll
1005 2040 1144 2168 still?

407 2136 492 2246 allidit
514 2134 655 2247 :dqluiblellbs
677 2156 826 2262 procreavit.
861 2189 932 2245 Num
953 2188 1034 2245 stulte
1054 2193 1144 2261 anteps

182 2283 205 2380 ὦ
237 2283 262 2370 ξ’,
354 2265 949 2397 Ῑιοειεέἓὶὶζίξοῇιῗεῗάοωοεῖίοωεεῗί1α1ἰξ
978 2339 984 2353 .
1047 2340 1075 2395 ffi
1092 2340 1144 2395 'td

177 2381 198 2446 '²¹³
238 2373 241 2442 ἵ
407 2385 621 2490 segntudinesqbe
637 2361 767 2474 gffiwivgg
778 2358 1055 2485 lenilriudburffldbobb
1067 2358 1144 2471 abibi

407 2496 572 2567 voluptatem.
608 2493 671 2548 Non
682 2494 737 2549 sine
749 2513 826 2550 causa
841 2494 920 2564 igitur
932 2492 1060 2563 Epicurus
1072 2511 1144 2548 susm

407 2573 497 2639 dicere,
515 2587 614 2642 semper
631 2569 658 2624 in
675 2570 790 2641 pluribus
808 2571 881 2627 bonis
902 2587 958 2626 esse
976 2570 1125 2639 capientem,

243 2705 246 2714 ,
407 2667 507 2719 semper
526 2647 561 2704 sit
580 2647 608 2703 in
625 2646 807 2716 voluptatibus.
843 2646 954 2719 Exque
975 2646 1133 2718 efficiputet

198 2739 220 2778 ἀ.
233 2757 237 2792 2
258 2791 261 2798 Δ
352 2737 397 2783 111
407 2723 475 2795 quod
485 2724 627 2796 querimus,
638 2727 669 2779 ut
681 2723 781 2795 sepiens
793 2741 892 2794 semper
904 2723 994 2778 beatus
1006 2724 1048 2778 sit.
1073 2723 1144 2778 Iltiar

407 2800 430 2855 si
441 2801 557 2856 sensibus
569 2801 666 2857 carebit
677 2800 815 2868 oculorum,
827 2799 849 2854 si
864 2798 983 2855 aurium?
1019 2798 1122 2855 Etiam:
1143 2818 1144 2852 1

407 2876 458 2932 ista
485 2876 542 2949 ipsa
565 2878 712 2934 coutemnit.
760 2875 876 2933 Primum
899 2874 976 2943 enim,
999 2874 1128 2932 horribilis
