2634 3367
331 338 363 383 46
472 325 671 383 TUSCULAN.
688 334 985 381 DISPUTATIONUM

332 444 471 499 curandum
483 462 539 498 esse
551 448 609 513 post
621 447 737 510 mortem,
749 461 826 513 quum
839 443 912 497 multi
924 443 1040 500 inimicos
1049 444 1123 499 etiam

332 528 448 575 mortuos
460 520 610 589 puniantur.
633 519 789 574 Exsecratur
797 519 931 573 luculentis
941 537 1002 574 sane
1010 521 1124 575 versibus

333 596 401 666 apud
419 596 531 650 Ennium
548 595 681 666 Thyestes,
699 594 808 665 primum
829 601 858 649 nt
882 593 1014 666 naufragio
1040 600 1125 667 pereat

334 673 447 727 Atreus:
466 672 559 726 durum
570 671 619 725 lroc
630 688 707 726 sane:
726 670 784 727 talis
797 670 863 726 enim
880 670 1000 726 interitus
1019 690 1072 727 non
1087 676 1124 726 est

334 748 388 803 sine
400 748 472 818 gravi
483 766 568 802 sensu.
604 746 653 801 Illa
663 746 754 814 inania,

366 836 419 895 lpse
430 834 532 880 summis
544 832 608 880 saxis
618 832 683 879 fixus
693 831 792 894 asperis,
804 832 956 887 evisceratus,

365 904 438 951 latere
457 904 572 967 pendeus,
592 906 650 950 saxa
666 916 781 971 spargens
798 901 860 959 rabo,
878 901 945 949 sauia
966 908 990 948 at
1012 901 1126 963 sanguim

686 979 745 1021 stro.

334 1053 396 1108 Non
412 1052 468 1122 ipsa
485 1068 549 1107 saxa
564 1050 646 1122 magis
663 1068 740 1105 sensu
758 1049 826 1104 omni
838 1049 968 1114 vacabant,
982 1068 1058 1120 quam
1077 1049 1125 1115 ille,

334 1128 414 1183 latere
434 1128 553 1200 pendens,
575 1128 617 1183 cui
637 1144 666 1182 se
688 1125 730 1181 hic
753 1126 894 1181 cruciatum
917 1132 1004 1180 censet
1030 1129 1126 1196 optare.

336 1205 398 1269 Qua
418 1210 504 1261 essent
522 1205 593 1270 dura,
613 1203 636 1258 si
654 1202 776 1258 sentiret:
800 1202 870 1257 nulla
890 1201 944 1257 sine
963 1219 1042 1256 sensu
1060 1206 1128 1257 sunt.

334 1281 403 1336 Illud
415 1299 475 1337 vero
486 1298 607 1353 perquam
618 1280 710 1334 inane:

368 1366 456 1427 Neque
466 1366 614 1427 sepulcrum,
626 1360 675 1425 qud
686 1362 792 1424 recipiet,
801 1363 895 1421 habeat,
903 1368 1000 1424 portum
1008 1360 1128 1425 corporisr

367 1434 417 1493 fibi,
429 1437 530 1483 remissa
540 1435 646 1481 hunrtna
656 1434 715 1490 vita,
726 1430 815 1495 c6rpus
826 1433 959 1494 requiescat
968 1433 1049 1481 malis.

335 1510 424 1574 Vides.
443 1513 538 1580 quanto
555 1508 610 1563 hec
626 1509 654 1562 in
673 1525 758 1563 errore
775 1511 926 1564 versentur:
951 1512 1054 1578 portum
1073 1525 1128 1564 esse

336 1586 457 1656 corporis,
477 1592 504 1640 ct
525 1585 682 1655 requiescere
702 1584 730 1638 in
752 1585 868 1655 sepulcro
892 1588 967 1656 putat
990 1594 1129 1640 mortuum.

338 1666 437 1735 Magna
459 1662 533 1733 culpa
560 1660 669 1731 Pelopis,
695 1661 738 1732 qui
761 1679 814 1716 non
836 1662 958 1717 erudierit
979 1662 1060 1717 filium
1083 1679 1129 1717 nec

338 1740 459 1806 docuerit,
472 1742 597 1810 quatenus
608 1741 677 1792 esset
689 1737 799 1809 quidque
811 1738 960 1793 curandum.

284 1836 331 1885 10⁸
373 1816 457 1871 XLV.
476 1814 527 1869 Sed
538 1813 599 1885 quid
610 1814 767 1885 singulorum
779 1815 910 1885 opiniones
925 1814 1131 1880 animadvertam,

340 1894 470 1948 nationum
482 1891 565 1947 varios
577 1909 674 1947 errores
686 1892 827 1962 perspicere
839 1910 918 1962 quum
933 1891 1028 1947 liceat?
1065 1892 1132 1947 Gon-

340 1971 414 2026 diunt
431 1968 548 2041 AEgyptii
564 1972 686 2032 mortuos,
706 1972 732 2022 et
751 1985 795 2022 eos
814 1973 916 2022 servant
936 1966 1021 2021 domi:
1046 1967 1132 2022 Persae

340 2049 416 2103 etiam
429 2065 487 2101 cera
498 2044 652 2101 circumlitos
670 2043 798 2110 condunt:
817 2049 935 2115 utquam
953 2043 1062 2098 maxime
1077 2062 1134 2115 per-

341 2129 459 2180 maneant
487 2122 608 2177 diuturna
630 2138 744 2191 corpora
778 2120 915 2190 Magorum
939 2137 995 2174 mos
1016 2124 1056 2174 cst
1082 2137 1135 2174 non

342 2203 447 2257 humare
458 2217 565 2268 corpora
576 2217 687 2265 suorum,
699 2197 749 2252 nisi
766 2196 855 2252 aseris
875 2197 927 2251 sint
946 2200 1006 2251 ante
1030 2196 1133 2251 laniata.

342 2278 375 2333 In
387 2276 518 2348 Hyrcania
529 2275 599 2346 plebs
611 2275 725 2346 publicos
737 2274 782 2328 alit
794 2291 876 2339 canes,
887 2274 1023 2343 optimates
1036 2273 1135 2327 domes-

341 2355 422 2420 ticos3
449 2352 533 2407 nobile
551 2355 636 2405 autem
654 2369 735 2420 genus
756 2368 846 2405 canum
866 2349 928 2404 illud
949 2351 1044 2404 scimus
1062 2368 1136 2404 esse:

343 2428 388 2484 sed
405 2446 453 2499 pro
469 2446 516 2482 sua
533 2428 640 2499 quisquc
651 2425 773 2481 facultate
786 2430 865 2496 parat,
879 2444 894 2479 a
906 2426 997 2497 quibus
1004 2426 1136 2557 parietum

343 2523 449 2576 eamque
457 2505 578 2573 optimam
590 2503 627 2557 illi
638 2520 694 2557 esse
702 2506 806 2557 censent
815 2502 987 2573 sepulturam·
1027 2501 1137 2557 ermulta

343 2582 393 2636 alia
403 2581 500 2652 colligit
512 2580 679 2650 Chrysippus,
689 2581 719 2633 ut
731 2579 806 2633 estin
815 2579 882 2633 omni
892 2580 999 2655 historia
1006 2580 1136 2633 curiosus:

343 2658 388 2713 sed
406 2659 444 2714 ita
460 2662 536 2712 tetra
546 2659 607 2710 sunt
625 2655 746 2726 quadam,
760 2660 790 2709 ut
802 2672 833 2709 ea
843 2654 927 2725 fugiat
944 2658 972 2710 et
989 2654 1137 2709 reformidet

343 2736 432 2791 oratio.
467 2736 548 2789 'lotus
571 2732 651 2803 igitur
675 2731 717 2786 hic
739 2731 810 2786 locus
834 2737 874 2785 est
893 2731 1092 2786 contemnendus
1110 2732 1139 2785 in

328 2814 413 2876 nobr‘s,
427 2831 482 2867 non
491 2809 665 2885 negligendus
676 2810 704 2866 in
716 2809 828 2866 nostris:
846 2809 884 2865 ita
894 2816 989 2876 tamen,
998 2812 1028 2862 ut
1042 2814 1140 2863 mortu-

248 2882 389 2937 Momm
408 2905 524 2961 corpora
539 2890 610 2950 nilril
627 2889 730 2951 sentire
750 2888 806 2949 viri
826 2888 982 2947 sentiamus.
1016 2886 1095 2949 trouu
