2634 3367
485 338 553 388 LIB.
571 338 623 385 111.
643 337 719 386 cAP.
735 337 772 385 it.
880 344 883 348 '
989 338 1021 385 et

267 448 327 503 XV.
346 447 416 519 Ergo
441 447 490 503 hoc
513 449 646 503 Terentius
675 465 690 502 a
713 445 870 517 philosophia
892 446 1021 515 sumptum
1031 452 1060 499 31
1121 461 1123 466 ’

232 542 311 593 quum
329 528 382 577 tam
399 522 529 578 commode
547 523 654 578 dixerit:
677 540 731 587 uos,
750 539 765 577 e
785 539 892 592 quorum
909 520 1022 575 fontibus

232 599 259 654 id
279 599 399 653 haustum
418 604 466 663 est,
485 617 538 653 non
557 604 584 654 et
604 597 716 653 dicemus
734 598 782 652 hoo
802 596 898 660 melius,
917 600 944 651 et
964 613 1024 651 oon·

233 675 344 729 stantius
365 673 523 728 sentiemus?
545 674 596 729 Hic
613 679 653 728 est
674 674 740 728 euim
762 672 803 728 ille
821 674 907 727 vultus
925 689 1024 741 semper

233 749 316 814 idem;
335 768 408 820 quem
422 749 515 804 dieitur
526 749 673 818 Xanthippe
690 747 825 817 praedicare
840 747 916 803 solita
930 747 1023 802 inviro

234 842 281 879 suo
293 824 373 878 fuisse
391 825 502 889 Socrate,
521 823 609 879 eodem
625 841 724 894 semper
739 841 767 877 se
782 822 874 878 vidisse
889 827 1023 878 exeuntem

234 899 304 953 illum
323 899 406 966 domo,
423 904 450 954 et
468 904 644 954 revertentem.
679 899 734 954 Nec
751 916 811 954 vero
828 916 859 953 ea
875 898 946 953 frons
962 902 1025 964 erat,

234 993 292 1044 quoe
308 975 348 1028 M.
361 974 447 1029 Crassi
467 974 535 1028 illius
553 974 654 1038 veteris,
672 992 747 1044 quem
765 973 842 1028 semel
859 974 895 1029 ait
912 974 939 1030 in
956 974 1025 1028 omni

235 1052 289 1104 vita
300 1050 385 1105 risisse
397 1050 530 1115 Lucilius;
547 1048 593 1104 sed
604 1048 740 1119 tranquilla
750 1051 777 1104 et
789 1066 891 1103 serena:
910 1049 947 1104 sic
958 1049 1025 1103 enim

235 1126 386 1195 accepimus.
412 1126 476 1179 Jure
488 1128 574 1179 autem
585 1128 640 1179 erat
652 1142 751 1194 semper
762 1123 829 1178 idem
840 1124 934 1189 vultus,
947 1142 1025 1193 quum

235 1201 337 1263 mentis,
353 1218 430 1271 aqua
446 1201 469 1255 is
484 1201 598 1270 fingitur,
614 1200 685 1255 nulla
699 1200 772 1254 fleret
789 1199 904 1253 mutatio.
939 1199 1026 1257 Quare

236 1277 332 1346 accipio
344 1276 460 1347 equidem
476 1295 492 1331 a
503 1276 648 1347 Cyrenaicis
664 1275 718 1330 haec
730 1292 799 1329 armo
810 1279 900 1330 contra
914 1285 987 1329 cesus
999 1283 1026 1328 et

236 1357 351 1417 eventus,
372 1352 464 1422 quibus
485 1369 571 1406 eorum
593 1351 755 1406 advenientes
776 1351 886 1421 impetus
906 1348 1027 1405 diuturna

236 1427 623 1497 praemeditstiouefraugeutur:
641 1426 765 1498 simulque
768 1426 856 1496 judico
863 1425 957 1481 malum
964 1424 1027 1481 illud

237 1503 362 1574 opinionis
374 1521 438 1567 esse,
450 1520 502 1556 nou
513 1506 618 1557 naturae.

273 1578 300 1631 Si
312 1578 421 1644 enimin
433 1596 461 1632 re
472 1581 548 1641 esset,
561 1594 607 1632 cur
617 1577 707 1631 fierent
724 1577 824 1647 provise
839 1576 951 1632 leviora?
976 1576 1026 1631 Sed
1035 1582 1066 1630 32

236 1658 285 1719 est,
297 1653 386 1708 iisdem
398 1652 430 1707 de
445 1652 522 1707 rebus
538 1653 605 1723 quod
617 1652 667 1708 dici
683 1653 763 1723 possit
780 1652 904 1717 subtilius,
918 1654 939 1707 si
956 1653 1026 1722 prius

236 1728 342 1799 Epicuri
359 1728 510 1783 seutentiam
522 1726 672 1782 viderimus:
692 1728 735 1797 qui
751 1732 844 1792 censet,
857 1745 958 1782 necesse
970 1744 1026 1781 esse

237 1822 326 1858 omncs
337 1804 365 1857 in
376 1804 525 1873 oegritudine
537 1822 600 1867 esse,
613 1804 657 1874 qui
673 1821 700 1857 se
712 1803 739 1856 in
750 1802 821 1857 maiis
833 1821 888 1857 esse
904 1802 1026 1857 arbitren-

237 1883 297 1945 tur;
315 1879 369 1933 sive
380 1879 424 1933 illa
434 1883 494 1932 ante
509 1878 610 1949 provisa
621 1882 647 1933 et
664 1882 811 1948 exspectata
826 1878 878 1931 siut
893 1878 946 1932 sive
958 1877 1026 1931 inve-

237 1954 385 2009 teraverint.
420 1955 485 2007 Nam
502 1971 585 2024 neque
597 1957 725 2007 vetustate
740 1952 820 2006 minui
831 1952 903 2018 mala,
914 1969 961 2006 neo
973 1951 1028 2005 fieri

237 2029 413 2099 praemeditata
428 2028 537 2084 leviora:
556 2028 711 2098 stultamque
726 2028 802 2082 etism
815 2044 870 2081 asse
886 2027 1027 2081 meditatio-

237 2123 296 2159 nem
314 2104 396 2159 futuri
412 2105 478 2169 mali,
496 2109 541 2158 aut
558 2104 666 2158 fortasse
683 2121 716 2157 ne
732 2102 813 2157 futuri
831 2100 947 2172 quidem:
966 2104 1027 2157 setis

238 2197 295 2235 esse
311 2179 427 2233 odiosum
442 2181 537 2234 mulum
554 2197 635 2242 omne,
649 2196 726 2249 quum
738 2178 865 2232 venisset:
884 2177 927 2247 qui
943 2182 1027 2232 sutem

238 2273 339 2325 semper
356 2255 528 2325 cogitavisset,
546 2254 659 2309 accidere
677 2272 751 2325 posse
769 2252 863 2323 aliquid
881 2253 986 2318 adversi,
1004 2253 1029 2307 ei

237 2331 294 2385 fieri
305 2329 366 2384 iliud
381 2331 559 2400 sempiternum
573 2330 680 2385 malum:
700 2330 722 2385 si
734 2348 793 2384 vero
805 2347 837 2383 ne
849 2329 962 2384 futurum
976 2331 1028 2400 qui-

239 2406 296 2460 dem
308 2406 350 2470 sit,
364 2406 460 2460 frustra
472 2406 567 2475 suscipi
578 2406 704 2461 miserium
715 2406 881 2461 voluntariam
893 2425 899 2461 :
917 2406 953 2461 ite
965 2424 1029 2461 sem·

238 2500 285 2551 per
297 2481 364 2551 angi,
377 2486 422 2535 aut
438 2482 583 2550 accipiendo
595 2486 639 2535 eut
656 2481 791 2551 cogitando
803 2482 876 2536 malo.
911 2482 1029 2536 Levatio·
1039 2487 1070 2534 33

238 2575 297 2611 nem
316 2562 401 2610 autem
417 2556 575 2626 egritudinis
593 2557 620 2610 in
637 2557 735 2612 duabus
753 2556 829 2611 rebus
845 2557 923 2627 ponit,
943 2575 1030 2611 avoca·

238 2633 310 2687 tione
327 2650 343 2685 a
360 2631 494 2702 cogitanda
513 2631 629 2687 molestia
647 2637 674 2687 et
692 2633 852 2688 revocatione
871 2631 903 2685 ed
920 2637 1030 2686 contem·

238 2706 344 2779 plaudas
356 2708 507 2775 voluptates.
534 2709 627 2762 Parere
639 2709 704 2762 enim
718 2715 804 2762 censet
816 2707 926 2760 animum
938 2706 1031 2759 rationi

237 2800 315 2854 posse
332 2789 366 2847 et,
378 2800 430 2850 quo
447 2783 490 2836 illa
509 2783 593 2850 ducat,
605 2784 685 2854 sequi.
719 2784 804 2838 vetut
817 2782 902 2850 'ruitur
915 2780 1044 2831 rutum-

238 2857 306 2912 tuerr'
316 2857 464 2914 molestias:
481 2858 612 2918 abstrahit
628 2859 665 2919 ab
676 2858 781 2918 mettius
792 2844 1071 2926 munsterum*
