2634 3367
418 354 486 402 LIB.
504 353 536 401 V.
554 354 629 402 CAP.
645 355 668 402 5.
897 356 943 403 169

200 466 371 523 evivendum
394 467 490 521 satisne
514 469 555 521 eat
577 464 688 536 praesidii
713 464 740 519 in
759 464 874 520 virtute?
910 465 942 519 A.

201 549 230 599 te
241 543 312 598 satis.
348 542 386 597 M.
405 542 484 596 Potes
503 542 590 612 igitur,
604 546 649 595 aut
665 541 709 613 qui
726 541 790 607 male
802 540 879 605 vivat,
892 558 945 595 non

200 640 210 675 1
229 620 350 673 miserum
366 617 457 685 dicere,
469 621 522 682 aut,
536 636 611 689 quem
627 618 691 673 bene
709 617 812 683 fateare,
825 635 882 671 eum
900 634 945 671 ne·

200 694 413 751 ebeateviverel
446 694 478 746 A.
498 693 595 752 Quidni
606 694 722 764 possim?
752 693 820 747 Nam
829 692 905 747 etiam
917 692 944 746 in

200 771 287 827 nentia
306 774 383 836 recte,
403 770 518 837 honeste,
536 768 696 824 laudabiliter
711 773 738 825 et
759 768 792 825 ob
816 787 872 824 eam
890 787 945 823 rem

202 847 282 903 eriri
300 848 394 916 potest,
408 844 544 899 dummodo
562 844 697 915 intelligas,
711 844 772 916 quid
783 862 851 917 nanc
862 844 945 899 dicam

201 942 225 979 e.
261 923 327 977 Dico
343 922 417 986 enim,
435 924 589 986 constanter,
606 921 726 992 graviter,
743 921 876 992 sapienter,
895 920 945 976 ior·

201 1018 224 1054 r.
260 998 326 1053 Haee
346 997 424 1052 etiam
440 996 468 1051 in
485 996 620 1067 equuleum
636 996 815 1065 conjiciuntur,
829 1013 880 1068 quo
892 998 945 1052 vita
956 1010 987 1057 13

200 1097 205 1130 l
217 1074 312 1144 aspirat
324 1072 407 1128 beata.
444 1074 483 1127 M.
502 1072 572 1131 Quid
584 1073 685 1143 igitur?
704 1071 789 1127 solane
801 1072 875 1127 beata
884 1073 944 1138 vita,

200 1167 248 1216 eac,
258 1149 409 1218 relinquitur
418 1152 492 1203 extra
503 1149 597 1202 ostium
609 1147 735 1218 limenque
744 1149 858 1212 carceris,
868 1166 946 1218 quum

200 1225 307 1289 stantia,
320 1225 440 1296 gravitas,
454 1223 587 1290 fortitudo,
599 1223 724 1293 sapientia
735 1222 886 1294 reliquaque
897 1224 946 1278 vir-

200 1320 226 1357 es
245 1301 378 1371 replentur
397 1299 429 1354 ad
449 1303 572 1354 tortorem
595 1298 742 1369 nullumque
763 1302 881 1353 recusent
899 1316 947 1353 nec

200 1377 308 1450 plicium
325 1394 372 1431 nec
388 1375 519 1431 dolorem?
555 1377 587 1429 A,
604 1375 652 1439 uu
666 1375 689 1429 ai
706 1374 767 1445 quid
785 1392 812 1430 ea
824 1374 947 1442 facturus,

200 1472 223 1509 a
233 1453 319 1523 aliqua
330 1453 463 1523 conquiras
476 1455 586 1521 oportet.
607 1451 664 1505 Ista
676 1469 716 1505 me
725 1450 827 1505 minime
836 1455 946 1516 movent,

200 1549 208 1585 ι
219 1529 302 1584 solum
314 1528 374 1599 quia
384 1528 533 1599 pervulgata
545 1530 613 1595 sunt,
625 1525 671 1581 sed
682 1527 764 1582 multo
779 1527 866 1599 magia,
880 1528 946 1599 quia,

200 1624 287 1678 aquam
306 1605 372 1661 levia
391 1604 506 1675 quadam
525 1605 584 1661 vina
602 1604 763 1661 nihilrelent
781 1605 809 1659 in
825 1623 897 1677 aqua,
910 1605 948 1660 aie

200 1684 301 1737 icarum
316 1682 367 1737 iata
383 1682 463 1753 magis
482 1684 593 1752 gustata,
608 1699 684 1753 quam
705 1685 793 1752 potata
813 1680 947 1738 delectant.

200 1759 240 1813 lut
263 1758 313 1813 iste
336 1758 428 1813 chorus
449 1758 581 1826 virtutum,
599 1758 627 1812 in
647 1757 781 1829 equuleum
805 1758 947 1827 impositus,

200 1835 283 1907 rginea
302 1834 436 1889 constituit
454 1837 513 1889 ante
530 1833 617 1889 oculos
634 1852 692 1888 cum
704 1833 857 1904 amplissima
868 1832 949 1904 digni-

200 1928 221 1977 e,
232 1912 263 1964 ut
281 1909 314 1965 ud
330 1927 372 1964 eas
392 1910 486 1965 cursim
505 1914 651 1980 perrectura
663 1907 738 1962 beata
748 1910 809 1974 vita,
821 1926 868 1962 nec
879 1925 922 1962 eas
934 1925 950 1962 a

200 1985 313 2041 desertas
326 2004 432 2057 passura
440 1985 562 2040 videatur.
599 1985 688 2044 Quum
700 1988 785 2038 autem
798 1984 907 2038 animum
917 1982 948 2038 ab
960 1994 991 2041 14

200 2080 210 2116 a
221 2060 322 2131 pictura
338 2060 541 2132 imaginibusque
552 2059 678 2115 vimutum
693 2058 726 2112 ad
741 2076 794 2113 rem
806 2059 950 2113 vamtatem·

200 2135 381 2202 atraduxeria,
400 2138 449 2191 hoc
468 2136 566 2191 nudum
585 2134 744 2206 relinquitur,
761 2134 875 2205 possitne
893 2134 950 2206 quis

200 2215 252 2267 atus
276 2230 339 2278 ease,
365 2212 484 2284 quamdiu
507 2216 664 2283 torqueatur.
711 2211 879 2276 Quamobrem
902 2211 951 2267 hoc

200 2304 400 2358 coqueremus:
418 2290 527 2344 virtutes
543 2293 635 2354 antem,
649 2286 701 2342 noli
712 2287 801 2353 vereri,
815 2305 847 2342 ne
861 2305 951 2359 expos·

200 2366 244 2418 ent
262 2368 290 2418 et
311 2367 450 2435 querantur
466 2383 494 2420 se
515 2382 531 2419 a
550 2364 624 2419 beata
636 2364 690 2419 vita
705 2382 760 2419 ease
777 2363 884 2420 relictae.
922 2364 951 2420 si

201 2457 228 2493 m
248 2439 410 2496 nullavirtua
430 2439 565 2510 prudentia
580 2445 660 2508 vacat,
675 2440 810 2511 prudentia
828 2441 883 2511 ipsa
903 2441 952 2496 hoc

200 2516 239 2579 let,
258 2533 310 2569 non
330 2534 417 2571 omnes
434 2516 514 2571 bonos
532 2534 588 2571 esse
605 2517 682 2572 etiam
700 2516 804 2573 beatos:
822 2516 952 2587 multaque

219 2590 258 2645 M.
273 2591 374 2659 Attilio‚
395 2593 425 2657 Q.
444 2593 567 2664 Cepione,
591 2592 638 2647 Μ’.
651 2592 762 2663 Aquillio
788 2591 950 2647 recordaturt

200 2670 312 2737 rtarnque
322 2668 409 2732 vitam,
424 2669 457 2738 (si
469 2668 619 2739 imaginibus
631 2672 717 2739 potrus
729 2668 775 2735 uti,
788 2685 862 2738 quam
875 2667 951 2723 rebus

201 2742 224 2797 ia
244 2742 353 2813 plaeet‚)'
370 2749 503 2801 conantem
523 2746 560 2799 ire
579 2744 607 2799 in
626 2744 771 2816 equuleum,
788 2743 883 2796 retinet
895 2742 957 2808 ipsa

200 2817 436 2894 1deutianegatque
447 2822 472 2881 ei
484 2839 546 2881 cum
557 2819 649 2881 dolore
659 2825 689 2879 et
699 2819 825 2877 cruciatu
831 2813 985 2883 quandam

200 2909 365 2956 aoommuue.
