2634 3367
428 682 469 737 rr,
487 679 615 735 ronan
633 676 831 734 cronnonrs

253 839 608 913 TUSCULANARUM
649 834 1004 910 Drsrurnrlonun

441 988 444 995 ’
490 1022 600 1070 nrasn
622 1020 769 1072 PRIMUS.

559 1203 688 1218 —

318 1362 321 1368 ’
405 1350 448 1395 DE
467 1346 715 1397 CONTEMNENDA
735 1346 853 1395 MORTE.
888 1395 890 1399 .

269 1483 292 1536 I.
318 1480 407 1541 Qccrr
426 1482 598 1536 defensionum
620 1480 748 1537 laboribus
770 1473 953 1553 senatoriiiqno
971 1490 1047 1537 mir-l

235 1558 338 1612 neribus
360 1563 404 1611 aut
426 1558 527 1611 omnino
548 1563 593 1613 ant
613 1576 706 1629 magna
729 1576 761 1612 ex
783 1555 864 1630 porte¹
877 1576 958 1613 essem
982 1558 1027 1613 ali·

236 1635 336 1704 quando
347 1634 478 1698 liberatus,
489 1633 565 1688 retuli
576 1651 624 1698 me,
638 1634 727 1698 Brute,
741 1638 767 1689 te
779 1630 898 1701 hortante
910 1635 1025 1701 maximo,

236 1712 267 1764 ad
284 1728 315 1764 ea
332 1710 424 1774 studia,
443 1728 498 1780 quae
515 1715 615 1764 retente
632 1710 723 1775 animo,
741 1705 846 1765 remissa
861 1711 1025 1781 temporibus,

236 1787 311 1858 longo
323 1786 455 1841 intervallo
470 1786 615 1840 intermissa
626 1787 756 1842 revocavi:
776 1791 810 1852 et,
824 1805 901 1858 quum
914 1786 1026 1841 omniurn

236 1865 337 1927 artium,
352 1882 407 1934 quc
423 1862 455 1917 ad
473 1867 568 1918 rectam
584 1863 686 1918 vivendi
701 1864 766 1918 viam
784 1863 947 1934 pertinerent,
961 1862 1026 1917 ratio

236 1946 263 1995 et
279 1939 411 2009 disciplina
428 1938 513 1994 studio
529 1940 667 2009 sapientire,
680 1958 736 2011 quse
753 1938 911 2010 philosophia
926 1938 1026 2007 dicitnr,

236 2017 411 2071 contineretur
422 2038 430 2082 ;
453 2016 501 2071 hoc
513 2016 575 2070 mihi
587 2016 685 2071 Latinis
697 2016 778 2071 literis
790 2015 967 2071 illustrandum
980 2033 1029 2088 pu·

236 2094 297 2147 tovi.
335 2092 402 2157 Non,
416 2092 476 2163 quia
493 2092 651 2163 philosophia
668 2092 763 2147 Graecis
781 2095 807 2147 et
825 2092 905 2148 literis
923 2096 950 2147 et
968 2092 1028 2148 doc-

187 2220 189 2231 ,
237 2168 335 2223 toribus
349 2169 443 2240 percipi
455 2186 507 2223 non
518 2173 621 2239 posset:
641 2168 687 2223 sed
698 2187 782 2223 meum
795 2187 893 2241 semper
903 2168 1027 2241 judicium

187 2249 189 2291 Ι
237 2246 295 2309 fuit,
305 2246 389 2299 omnia
397 2254 498 2299 nostros
512 2248 557 2299 ant
566 2245 692 2300 invenisse
704 2263 749 2315 par
761 2263 788 2301 se
801 2245 939 2318 sapientius
952 2265 1025 2317 quern

238 2322 347 2388 Graeoos,
359 2326 404 2375 ant
416 2326 520 2391 accepta
532 2321 564 2376 ab
576 2320 624 2375 illis
637 2320 728 2376 iecisse
739 2322 850 2388 meliors,
861 2340 916 2393 quae
926 2322 1027 2394 quidem

238 2396 315 2467 digna
331 2397 490 2462 statuissent,
503 2398 530 2451 in
548 2396 639 2467 quibus
657 2397 823 2453 elaborarent.
859 2398 926 2453 Nam
945 2406 1059 2455 moreat.

187 2505 190 2548 Ι
237 2477 264 2527 et
282 2473 401 2527 instituta
417 2474 477 2527 ritae
494 2491 587 2542 resque
605 2472 757 2527 domesticas
778 2492 808 2529 ao
826 2473 960 2530 familiares
981 2492 1029 2528 nos

187 2551 191 2605 Ι
237 2549 351 2620 proiecto
369 2553 396 2604 et
413 2550 503 2605 meiius
521 2555 623 2605 tuemur
641 2554 668 2605 et
686 2550 802 2608 lantino:
818 2569 881 2607 roro
894 2566 962 2605 noro
977 2548 1050 2617 polo·

187 2623 189 2656 ³
237 2625 310 2679 licam
326 2625 406 2680 nostri
421 2629 528 2695 majores
540 2632 612 2684 certe
624 2628 781 2688 melioribus
794 2624 1027 2703 temperarem&
1041 2617 1075 2666 tt·

187 2710 188 2727 r
229 2700 354 2752 milium
370 2701 525 2788 ei'legibus.
564 2708 642 2769 Quid
661 2709 765 2785 loquar
784 2710 824 2767 Ae
842 2726 876 2763 re
894 2694 1035 2757 m'xixtassxt
1058 2685 1121 2804 {a

216 2787 266 2835 W
283 2788 360 2838 issam
378 2783 478 2836 rrrtnte
497 2788 592 2845 nostri
612 2790 746 2849 multum
766 2778 1032 2848 sonorantium
1044 2778 1069 2825 V

621 2883 646 2924 rs

1117 2933 1132 2971 Α
