2634 3367
288 338 304 383 4
426 338 625 386 TUSCULAN.
644 338 940 386 DlSPUTATIONUM

287 447 367 517 copia,
378 465 456 517 quum
468 450 553 502 motus
565 451 634 502 esset
644 447 764 502 Isocratis
778 448 887 503 rhetoris
900 448 987 519 gloria,
998 448 1081 505 dicere

286 524 363 577 etiam
384 524 461 594 coepit
482 523 655 580 adolescentes
676 524 774 592 docere,
794 528 822 579 et
842 524 1002 597 prudentiam
1022 543 1081 581 cunr
1104 534 1105 538 ’

287 599 431 671 eloquentia
451 601 574 671 jungere:
603 601 640 656 sic
665 600 738 656 nobis
762 601 853 672 placet,
875 620 922 658 nec
945 602 1081 674 pristinum

287 676 386 731 dicendi
401 676 516 732 studium
527 676 660 748 deponere,
674 682 701 733 et
713 679 740 732 in
751 678 799 733 hac
815 678 909 749 majore
921 682 948 733 et
964 678 1081 734 uberiore

286 757 342 808 arte
353 754 456 809 versari
492 755 567 810 Hanc
579 755 645 809 enim
662 755 801 826 perfectam
817 754 999 826 philosophiam
1016 774 1082 810 sem·

286 847 332 901 per
353 829 473 901 judicavi,
494 849 551 902 quae
575 830 607 886 de
631 831 746 887 maximis
770 831 955 902 quaestionibus
979 832 1081 903 copiose

286 914 374 977 posset
394 910 533 977 ornateque
551 906 648 962 dicere:
673 908 701 962 in
718 926 793 980 quarn
814 907 1022 963 exercitationem
1043 909 1081 963 ita

286 1001 333 1037 nos
350 982 465 1037 studiose
477 982 600 1052 dedimus,
612 988 642 1038 nt
657 984 710 1056 jam
727 984 805 1039 etiam
822 983 920 1039 scholas
933 984 1080 1039 Graecorum

287 1078 357 1115 more
369 1058 462 1114 habere
472 1058 637 1115 auderemus:
656 1065 686 1115 ut
697 1078 779 1132 nuper
787 1063 861 1115 tuum
873 1063 931 1131 post
941 1059 1080 1115 discessum

286 1136 314 1190 in
322 1136 475 1201 Tusculano,
484 1155 562 1207 quum
576 1141 661 1192 essent
674 1137 816 1209 complures
827 1154 927 1192 mecum
936 1137 1079 1202 familiares,

286 1214 391 1279 tentavi,
414 1213 476 1285 quid
496 1213 524 1268 in
544 1231 574 1269 eo
595 1232 689 1285 genere
712 1232 821 1285 possem.
856 1214 896 1269 Ut
917 1214 984 1269 enim
1005 1216 1081 1267 antea

287 1288 478 1345 declamitabam
495 1308 592 1355 causas,
606 1290 674 1360 quod
689 1308 764 1346 nemo
782 1309 822 1346 me
834 1290 931 1346 diutius
946 1289 1024 1345 fecit:
1043 1289 1080 1344 sic

286 1365 341 1422 haec
353 1367 415 1422 mihi
426 1384 495 1421 nunc
508 1366 594 1421 senilis
606 1372 646 1421 est
658 1366 815 1423 declamatio.
843 1369 942 1422 Ponere
950 1365 1078 1439 jubebam,

288 1440 319 1496 de
337 1460 387 1513 qno
405 1442 462 1513 quis
481 1442 568 1497 audire
586 1442 675 1496 vellet:
700 1442 733 1497 ad
750 1442 777 1498 id
794 1446 839 1497 ant
856 1442 947 1497 sedens
965 1446 1010 1497 aut
1028 1460 1080 1496 am·

264 1518 377 1573 abulans
389 1518 559 1589 disputabam.
593 1519 685 1588 Itaque
695 1518 794 1573 dierum
806 1518 917 1589 quinque
929 1518 1035 1583 scholas,
1049 1521 1079 1573 nt

289 1594 372 1650 Graeci
394 1593 530 1665 appellant,
556 1594 584 1648 in
606 1593 715 1648 totidem
738 1593 816 1648 libros
840 1593 945 1649 contuli.
988 1593 1079 1649 Fiebat

288 1674 373 1726 autem
389 1670 434 1736 ita,
447 1674 485 1735 ut,
499 1688 577 1741 quum
590 1670 621 1737 is,
634 1670 679 1740 qui
694 1669 782 1725 andire
793 1669 878 1735 vellet,
892 1669 1004 1734 dixisset,
1018 1670 1080 1742 quid

287 1748 336 1804 sibi
348 1748 485 1812 videretur,
496 1754 552 1803 tum
565 1766 613 1818 ego
624 1752 715 1803 contra
726 1746 843 1803 tiberem.
873 1749 938 1801 Haec
951 1753 990 1802 est
1003 1748 1078 1814 enim,

286 1828 318 1880 nt
338 1825 396 1890 scis,
415 1828 490 1879 vetus
511 1828 541 1878 et·
560 1824 691 1879 Socratica
708 1824 774 1880 ratio
791 1828 881 1879 eontra
901 1823 1004 1878 alterins
1025 1824 1080 1894 opi·

287 1901 388 1957 nionem
401 1899 548 1955 disserendi.
584 1900 652 1955 Nam
670 1901 708 1955 ita
719 1900 844 1969 facillime,
857 1899 918 1972 quid
930 1899 984 1954 veri
1001 1900 1079 1955 simil·-

286 1978 375 2033 limum
387 1981 463 2042 esset,
476 1976 584 2031 inveniri
596 1994 671 2047 posse
684 1978 801 2032 Socrates
813 1976 992 2033 arbitrabatur,
1028 1977 1078 2031 Sed

288 2074 339 2125 quo
359 2054 514 2110 commodius
536 2053 722 2125 disputationes
741 2057 838 2108 nostrae
857 2054 1023 2124 explicentur,
1042 2053 1079 2108 sic

288 2149 331 2186 eas
355 2149 487 2202 exponam,
508 2132 582 2202 qnasi
605 2136 697 2202 agatur
717 2148 767 2199 res,
787 2148 839 2185 non
859 2131 931 2201 quasi
951 2133 1077 2186 narretur.

287 2208 358 2278 Ergo
370 2208 407 2263 ita
418 2210 538 2263 nascetur
550 2208 690 2262 exordium.

264 2368 279 2415 9
322 2360 356 2414 V.
374 2359 513 2415 A.Malum
527 2360 590 2415 mihi
601 2360 703 2416 videtur
715 2379 771 2416 esse
783 2379 859 2416 mors.
895 2360 934 2416 M.
944 2361 1020 2425 liene,
1034 2360 1079 2431 qui

288 2437 383 2492 mortui
399 2441 468 2503 sunt,
480 2437 564 2503 auiis,
578 2438 671 2508 quibus
687 2439 844 2494 moriendum
856 2440 917 2493 est?
947 2439 980 2491 A.
992 2439 1079 2493 Utris-
1121 2443 1124 2450 '

288 2531 345 2583 que.
382 2514 421 2568 M.
434 2514 483 2568 Est
507 2514 627 2569 miserum
652 2516 740 2587 igitur,
765 2515 882 2587 quoniam
907 2515 1007 2569 malum.
1044 2516 1077 2568 A.

288 2590 373 2645 Certe.
409 2590 448 2644 M.
458 2590 529 2661 Ergo
550 2595 577 2646 et
601 2592 739 2662 liquibus
760 2592 924 2662 evenitjam,
946 2596 976 2646 nt
999 2609 1079 2645 more·

287 2671 384 2732 rentur,
403 2669 430 2720 et
447 2666 473 2732 ii,
493 2667 585 2738 quibus
602 2674 753 2723 eventurum
772 2672 819 2733 est,
838 2668 931 2723 miseri.
967 2669 999 2722 A.
1012 2667 1079 2722 Mihi

270 2740 314 2789 ita
338 2741 447 2795 uretur.
484 2744 525 2798 M.
538 2745 624 2801 Nemo
648 2763 710 2817 ergo
730 2763 782 2799 non
805 2745 888 2800 miser.
924 2745 956 2797 A.
969 2744 1078 2799 Prorsus

250 2821 343 2862 nemo.
381 2814 426 2868 M.
440 2819 482 2874 Et
494 2822 612 2894 quidem,
626 2824 652 2881 si
665 2824 714 2882 tibi
732 2826 853 2881 constare
862 2822 915 2887 ris,
923 2838 1022 2882 omnes,
1030 2821 1083 2888 uui-

232 2884 357 2949 ⁰¹¹⁰²q118
367 2892 434 2947 nati
447 2906 520 2957 sunt
532 2908 667 2979 enintve,
680 2924 738 2964 non
755 2902 846 2960 solum
856 2895 956 2962 missia
963 2892 1104 2947 *lilim
