2634 3367
492 340 559 388 mu.
573 340 592 387 1.
622 339 695 387 CAP.
711 340 746 396 19,
759 341 796 386 2⁰.
1020 343 1049 394 la

249 448 310 503 solis
326 452 468 519 temperato
484 449 587 520 ignibus
604 450 700 505 insistit
712 453 739 504 et
753 450 826 504 linem
845 448 922 505 ultius
939 468 967 506 se
981 451 1042 505 elie·

249 525 321 579 rendi
344 525 414 579 lacit.
455 525 520 579 Tum
541 526 608 580 euim
629 526 670 580 sui
693 524 798 580 similem
818 530 844 580 et
864 524 993 582 levitatem
1014 531 1041 582 et

248 601 358 655 calorem
382 599 497 671 adeptus,
519 605 648 672 tamquam
672 601 775 671 paribus
797 601 956 657 examinatus
978 620 1041 673 pon-

248 675 361 742 deribus,
379 675 473 730 nullum
491 677 519 731 in
538 682 636 747 partem
657 681 781 742 movetur,
800 695 880 748 eaque
897 677 921 732 ei
938 677 1039 733 demum

247 751 372 805 naturalis
389 755 429 806 est
447 750 527 818 sedes,
544 770 622 823 quum
640 751 673 806 ud
690 753 731 807 sui
748 752 829 807 simile
846 754 997 823 penetravit,
1014 756 1041 810 iu

248 829 307 897 quo}
320 826 391 881 nulla
408 845 436 881 re
453 844 538 897 egens,
552 828 633 883 aletur
648 831 675 882 et
693 827 879 884 sustentabitur
895 828 984 885 iisdem
1001 849 1041 885 re·

247 902 305 967 bus,
321 902 413 973 quibus
430 907 499 957 astra
516 907 694 958 sustentantur
711 907 738 958 et
754 904 866 959 aluntur.
902 905 1080 977 Quumqustl

247 978 361 1048 conponis
381 977 479 1033 facibus
502 978 650 1033 inflammari
670 979 796 1035 soleamus
819 980 852 1034 ad
875 998 962 1037 omues
985 981 1039 1037 fere

246 1053 408 1123 cupiditates,
425 1070 506 1125 eoque
523 1054 604 1125 magis
622 1053 730 1120 incendi,
750 1054 818 1126 quod
835 1056 866 1110 iis
884 1056 1038 1124 emulemur,

246 1130 291 1200 qai
310 1147 340 1184 ea
360 1128 478 1194 habeant
499 1147 555 1199 qum
576 1148 622 1185 uos
642 1130 736 1185 habere
754 1131 901 1201 cupiamus:
925 1132 1040 1202 proiecto

245 1204 316 1260 beati
332 1204 434 1269 erimus,
447 1222 534 1274 quum,
548 1205 696 1276 corporibus
713 1205 816 1273 relictis,
828 1209 855 1260 et
871 1206 1040 1277 cupiditatum

247 1285 275 1335 et
296 1280 484 1335 emulationum
502 1280 597 1335 erimus
618 1285 751 1352 expertes:
777 1280 895 1353 quodque
915 1300 983 1339 nuuc
1002 1284 1040 1338 fa-

248 1356 337 1423 cimus,
355 1374 434 1427 quum
456 1355 536 1410 laxati
555 1357 623 1411 curis
644 1375 741 1424 sumus,
760 1364 789 1413 ut
810 1362 924 1427 spectare
944 1359 1038 1432 aliquid

248 1432 354 1487 velimus
377 1436 405 1486 et
428 1431 519 1497 visere,
542 1431 570 1487 id
592 1433 673 1488 multo
695 1437 751 1488 tum
775 1434 896 1491 iaciemus
924 1435 1037 1501 liberius,

245 1512 367 1579 totosque
385 1524 432 1561 uos
449 1507 478 1561 in
497 1507 697 1579 contemplandis
714 1510 791 1565 rebus
808 1511 1038 1583 perspiciendisque

247 1600 386 1654 ponemus;
410 1586 554 1653 propterea,
575 1584 642 1654 quod
664 1588 690 1639 et
710 1589 801 1640 natura
824 1586 890 1642 inest
910 1587 1037 1643 mentibus

246 1658 342 1713 uostris
363 1656 513 1713 insatiabilis
532 1657 645 1729 quaedam
666 1660 791 1731 cupiditas
810 1662 863 1717 veri
882 1662 990 1729 videndi,
1010 1667 1037 1717 et

246 1751 297 1789 crae
314 1734 376 1804 ipsas
393 1731 506 1788 locorum
523 1733 631 1801 illorum,
649 1754 699 1807 quc
717 1737 911 1807 pervenerimus,
930 1755 980 1809 quo
997 1738 1036 1792 ia·

245 1809 360 1864 cilionem
379 1807 452 1864 nobis
474 1809 645 1880 cognitionem
663 1830 746 1867 rerum
768 1811 913 1879 celestium,
932 1831 962 1868 co
985 1832 1037 1868 ma·

239 1886 325 1956 -jcrem
349 1884 518 1955 cognoscendi
540 1885 706 1956 cupiditatem
730 1887 835 1943 dabunt.
884 1889 947 1943 Hace
970 1889 1077 1944 sumes

245 1961 409 2031 pulchritudo
421 1961 498 2016 etiam
514 1961 542 2016 iu
553 1962 629 2017 terris
645 1963 753 2033 patriam
768 1963 835 2017 iliam
852 1967 879 2017 et
890 1963 982 2018 avitam
996 1966 1037 2035 (ut

245 2037 282 2090 ait
298 2036 502 2107 Theophrastus)
520 2037 710 2109 philosophiam,
728 2037 880 2109 cognitionis
898 2039 1037 2111 cupiditate

244 2113 383 2177 incensam,
404 2112 533 2168 excitavit.
568 2114 700 2185 Praecipue
718 2132 779 2169 vcro
799 2113 917 2170 truantur
936 2133 974 2182 ea,
993 2119 1038 2189 qui

244 2192 300 2242 tum
313 2188 399 2252 etiam,
408 2206 486 2259 quum
499 2189 544 2243 has
555 2192 637 2244 terras
649 2189 796 2256 incolentes,
808 2190 954 2248 circumfusi
965 2198 1037 2249 crant

244 2264 361 2334 caligine,
373 2268 459 2319 tamen
470 2264 524 2319 acie
536 2265 628 2321 mentis
640 2265 764 2336 dispicere
776 2268 919 2337 cupiebant.

280 2340 340 2395 XX.
359 2340 463 2395 Etenim
480 2341 503 2395 si
519 2358 588 2396 nunc
603 2340 698 2412 aliquid
715 2343 816 2414 assequi
833 2362 861 2399 se
878 2347 978 2416 patant,
993 2346 1038 2416 qui

243 2417 339 2471 ostium
351 2416 431 2472 Ponti
442 2415 561 2471 viderunt
577 2420 603 2472 et
620 2435 662 2473 cas
679 2420 817 2489 augustias,
829 2438 875 2491 per
887 2439 949 2492 quas
963 2439 1037 2491 peue-

243 2492 324 2548 travit
336 2509 374 2561 ea,
388 2509 443 2563 que
455 2494 496 2546 est
507 2491 637 2547 nominata

361 2573 435 2633 Argo,
445 2574 500 2633 quia
509 2574 593 2633 Argivi
603 2577 627 2621 in
637 2589 672 2630 ea,
682 2576 766 2624 delecti
777 2577 828 2631 viri,

361 2635 434 2693 vecti,
443 2640 554 2697 petebant
563 2640 648 2699 pellem
657 2642 788 2687 mauretam
797 2641 889 2695 trictiss

244 2712 290 2764 aut
302 2708 328 2774 ii,
342 2709 387 2779 qui
400 2711 492 2765 Oceani
504 2711 571 2767 freta
581 2712 625 2767 illa
636 2712 768 2783 viderunt,

330 2791 444 2849 Efflflffl
455 2792 604 2858 libyamque
613 2813 692 2862 rapax
701 2802 749 2850 ubi
758 2798 853 2849 diuidit
861 2794 948 2843 nudus

233 2859 304 2927 4⁰0¹!
317 2861 420 2919 taudem
437 2872 627 2938 spectaculum
648 2877 713 2938 iore
734 2880 883 2953 putamus,
901 2847 1106 2936 ,mmmmm
