2634 3367
312 350 340 396 18
447 346 644 394 TUSCULAN.
664 346 962 396 DISPUTATIONUM

307 457 408 527 plures:
426 455 596 512 membrorum
605 475 666 513 vero
675 459 740 514 situs
752 463 778 513 et
787 458 869 528 figura
877 458 997 528 eorporis,
1005 476 1099 514 vacans

307 533 398 597 animo,
412 550 486 603 quam
503 533 584 602 possit
595 533 750 588 harmoniam
766 535 870 600 efficere,
883 552 935 589 non
945 534 1034 589 video:
1053 534 1100 589 sed

307 609 349 663 hio
366 608 476 680 quidem,
495 608 609 678 quamvis
626 609 743 664 eruditus
760 610 802 675 sit,
816 610 884 665 siout
908 613 956 680 est,
975 610 1029 665 hae
1047 628 1099 664 ma·

307 686 390 755 gistro
405 683 527 739 oonoedat
543 685 693 752 Aristoteli3
717 703 807 742 oanere
824 686 878 755 ipse
894 685 991 742 dooeat.
1028 687 1099 741 Beue

308 761 374 817 enim
386 760 430 815 illo
441 759 573 831 proverbio
586 760 732 816 Graecorum
743 762 895 833 praeeipitur,

394 844 471 899 Quam
480 843 578 902 quisque
586 844 648 890 norit
656 844 739 899 artem,
748 845 774 889 in
783 845 828 889 hae
837 857 861 890 se
870 844 989 891 extroeatl

266 920 299 969 42
307 914 381 970 Illam
396 934 460 971 ‘vero
477 915 592 971 funditus
612 916 742 986 ejiciamus
759 915 946 970 individuorum
963 933 1098 987 oorporum

306 990 400 1046 levium
418 996 445 1047 et
462 991 629 1047 rotundorum
646 991 836 1047 concursionem
851 991 999 1046 fortuitam:
1021 1010 1099 1062 quam

306 1070 394 1123 tamen
410 1068 573 1123 Democritus
590 1067 785 1123 oonoalelaetam
803 1070 829 1122 et
847 1066 998 1138 spirabilem,
1011 1067 1039 1122 id
1055 1071 1098 1123 est

307 1143 447 1209 animalem,
465 1162 521 1199 esse
541 1143 629 1199 voluit.
666 1144 694 1199 Is
712 1147 796 1199 autem
818 1142 925 1207 animus,
943 1143 995 1214 qui,
1012 1142 1035 1197 si
1055 1146 1097 1198 est

306 1218 397 1275 horum
421 1224 530 1291 quatuor
553 1237 682 1291 generum,
703 1238 736 1275 ex
757 1218 849 1289 quibus
872 1218 957 1274 omnia
979 1222 1097 1275 oonstars

306 1294 433 1364 dieantur,
449 1314 480 1351 ex
495 1296 649 1351 inflammata
667 1293 750 1351 anima
767 1298 876 1361 oonstat,
887 1299 918 1350 ut
935 1295 1095 1365 potissimum

306 1370 386 1427 videri
403 1372 476 1427 video
494 1372 615 1436 Panaetio,
637 1372 768 1442 superiora
787 1374 903 1441 oapessat
923 1389 1026 1426 neeesse
1046 1375 1096 1427 est.

306 1446 380 1503 Nihil
400 1447 467 1501 enim
485 1446 579 1501 habent
599 1446 653 1501 hac
674 1445 725 1500 duo
746 1464 839 1517 genera
857 1447 938 1517 proni,
956 1450 983 1501 et
1003 1465 1098 1517 supera

306 1539 406 1593 semper
417 1524 517 1593 petunt.
553 1523 602 1588 Ita,
614 1522 668 1577 sive
679 1520 843 1592 dissipantur,
855 1522 944 1592 promul
955 1540 971 1577 a
982 1523 1056 1578 terris
1068 1523 1095 1577 id

306 1598 406 1653 evenit:
429 1597 483 1652 sive
500 1599 648 1667 permanent
668 1601 695 1652 et
712 1601 863 1653 oonservaut
880 1597 995 1654 habitum
1012 1616 1097 1665 suum,

305 1674 354 1729 hoe
370 1674 447 1729 etiam
464 1672 544 1743 magis
561 1690 665 1728 nomae
680 1677 721 1728 est
735 1672 850 1728 ferantur
864 1674 897 1728 ad
914 1674 1003 1730 oaelum
1019 1678 1046 1730 et
1062 1675 1097 1731 ab

305 1749 345 1805 his
362 1752 541 1820 perrumpatur
554 1752 582 1803 et
599 1747 727 1804 dividatur
742 1766 842 1804 crassus
858 1749 900 1805 hio
917 1752 944 1805 et
961 1754 1096 1807 oonoretus

304 1828 357 1890 air,
378 1826 423 1897 qui
446 1826 486 1879 est
506 1827 581 1879 terrae
604 1825 741 1895 proximus.
776 1824 887 1879 calidior
907 1829 947 1881 est
969 1826 1037 1880 enim
1054 1827 1097 1882 vel

305 1902 391 1971 potius
407 1900 535 1956 ardentior
546 1900 653 1966 animus,
667 1918 742 1972 quam
758 1904 799 1955 est
813 1901 855 1955 hio
866 1918 916 1969 aer,
929 1919 1004 1973 quern
1019 1901 1096 1961 modo

305 1977 358 2033 dlxi
370 1996 483 2033 erassum
495 1980 572 2048 atque
580 1980 735 2033 oonoretum.
761 1975 838 2036 Quod
846 1994 879 2031 ex
888 1994 918 2031 eo
930 1976 988 2032 seiri
999 1979 1095 2047 potest,

304 2054 364 2124 quia
379 2071 484 2124 eorpora
501 2056 596 2119 nostra
608 2056 711 2108 terreno
729 2052 910 2123 principiorum
926 2069 1019 2123 genere
1035 2070 1096 2109 oon·

303 2130 378 2194 lecta,
391 2128 480 2184 ardore
491 2129 568 2183 animi
580 2128 765 2185 oonealeseunt.

262 2216 293 2262 48
337 2204 412 2259 XIX.
431 2204 545 2269 Aooedit,
560 2208 591 2258 ut
608 2222 638 2259 eo
656 2204 755 2259 famlim
771 2204 870 2258 animus
888 2202 978 2259 evadat
996 2221 1028 2259 ex
1045 2204 1096 2261 hoo

303 2282 370 2345 aire,
383 2297 458 2351 quem
473 2297 540 2349 sepe
548 2282 602 2348 jam
618 2279 724 2350 appello,
737 2297 845 2350 eumque
861 2283 1014 2349 perrumpat,
1026 2281 1096 2352 quod

302 2356 366 2410 nihil
381 2359 421 2411 est
437 2354 519 2410 animo
532 2354 651 2421 velocius,
663 2354 732 2409 nulla
748 2357 788 2409 est
804 2353 997 2426 celeritasque
1012 2358 1095 2426 possit

302 2449 361 2486 enm
376 2431 453 2486 animi
468 2430 597 2486 eeleritate
609 2429 768 2485 oontendere.
804 2430 858 2490 Qui
875 2430 898 2485 si
912 2436 1044 2501 permanet
1055 2433 1096 2487 in-

301 2511 436 2579 oorruptns
457 2507 547 2577 suique
568 2505 671 2560 similis:
696 2524 798 2562 neeesse
819 2510 859 2562 est
880 2506 917 2560 ita
937 2506 1042 2574 feratur,
1063 2511 1096 2563 ut

302 2588 418 2655 penetret
438 2587 465 2638 et
485 2581 581 2637 dividat
602 2598 677 2636 omne
697 2582 786 2637 eaelum
809 2582 866 2649 hoo,
885 2582 913 2637 in
932 2600 983 2652 qno
1003 2582 1095 2647 nubes,

300 2660 395 2717 imbres
412 2659 532 2729 ventique
549 2661 693 2729 eoguntur:
711 2658 779 2729 quod
796 2662 823 2714 et
840 2658 971 2714 humidum
989 2661 1016 2712 et
1034 2658 1096 2713 oali·

286 2738 416 2801 mosum
437 2739 479 2789 est
500 2737 607 2804 propter
628 2733 800 2789 exhalationes
823 2738 906 2789 terre.
944 2734 1029 2792 Quam
1054 2752 1095 2789 re·

267 2806 383 2867 8¹me
392 2826 477 2876 quum
489 2809 629 2883 superavit
640 2810 742 2867 animus
753 2813 919 2879 naturamque
931 2809 972 2863 sui
984 2809 1092 2865 similem

253 2878 379 2946 ‘'⁰⁰2¹'81'i
385 2886 420 2937 et
427 2888 560 2958 aginat,-
576 2890 689 2963 junotis
701 2908 735 2949 ex
746 2888 835 2947 anina
843 2886 920 2943 tenus
930 2888 959 2939 st
968 2885 1105 2939 sumnum
