2634 3367
413 335 459 383 196
547 334 745 385 ruscum.
762 335 1064 384 Dmruuaulorwu

411 446 558 502 scriberent
594 447 770 518 Asclepiadem
793 447 888 510 ierunt,
907 464 960 502 non
981 446 1123 518 ignobilem

410 522 504 577 trieum
525 524 711 594 philosophum,
728 542 807 595 quum
824 523 927 595 quidam
948 530 1082 595 quereret,
1101 527 1144 595 qui

412 599 1144 671 redimattdimetrespoudbsepueroutunoessete

411 674 497 729 tutior.
535 675 574 731 Ut
586 676 655 731 euim
665 676 707 731 rel
718 693 817 732 summa
827 679 964 747 paupertas
974 675 1117 731 tolerabilis
1130 695 1144 732 s

411 749 494 815 lioeat,
516 751 584 822 quod
605 752 755 823 quibusdum
775 752 870 807 oreon
891 750 1021 822 quotidie:
1045 752 1085 807 sio
1104 770 1144 808 oar

412 824 474 880 ferri
491 826 564 882 isoilo
580 828 670 899 possit,
685 828 708 883 si
725 845 777 882 non
793 826 878 883 desint
895 827 1009 882 subsidia
1024 827 1144 883 valetudir

360 906 405 951 114
413 901 583 969 Democritus,
596 902 732 958 huminibus
744 903 851 968 amissis,
864 902 921 958 albo
932 903 1029 959 soilieet
1044 907 1073 959 et
1089 907 1144 959 atra

411 993 514 1033 eernere
529 996 581 1033 uon
596 982 706 1048 poteret.
740 981 777 1033 At
788 996 850 1033 vero
866 978 932 1033 bona
942 978 1016 1045 mala
1027 997 1102 1050 aqua
1112 980 1144 1034 ini

411 1052 519 1109 honesta
533 1055 627 1123 turpia,
636 1055 712 1109 utilia
726 1054 832 1121 inutilia,
844 1072 937 1126 magna
951 1072 1030 1125 parva
1043 1060 1144 1125 poterat

412 1128 466 1183 sine
477 1130 601 1186 varietate
612 1130 723 1185 eolorum
740 1129 832 1185 lioebat
843 1130 929 1185 rivere
940 1130 1022 1195 beate,
1035 1130 1092 1186 sine
1103 1135 1144 1186 not

412 1204 673 1260 rerumnonlieebat.
707 1207 795 1276 Atque
809 1204 1144 1274 bievirimpedirietiama

412 1280 492 1336 uelem
511 1285 617 1352 aspectu
638 1280 770 1337 oeulomm
793 1279 980 1335 arbitrabatur:
1003 1292 1040 1346 et,
1061 1300 1141 1351 quum

412 1374 486 1426 soepe,
503 1357 571 1429 quod
588 1360 647 1411 ante
665 1355 742 1427 pedes
759 1359 836 1421 esset,
853 1373 906 1410 non
921 1355 1044 1422 riderent,
1063 1356 1107 1412 ille
1123 1358 1144 1412 ir

411 1435 492 1486 tatem
507 1450 607 1488 omnem
624 1431 782 1503 peragrabat,
794 1431 909 1487 utnulla
925 1432 953 1486 in
968 1433 1144 1489 extremitate⁴

412 1506 522 1562 sisteret.
556 1507 689 1563 Traditum
706 1510 747 1563 est
762 1507 841 1562 etium
856 1509 998 1563 Homerum
1010 1525 1104 1563 meum
1113 1504 1144 1559 iu

412 1583 448 1635 At
468 1582 523 1651 ejus
543 1584 677 1652 pioturam,
695 1600 748 1638 non
767 1583 864 1653 poesin,
881 1583 1003 1638 ridemus.
1040 1585 1103 1640 Qum
1123 1597 1144 1634 rt

411 1674 468 1725 quar
476 1673 528 1721 ora,
539 1658 583 1728 qui
594 1658 665 1711 loeus
673 1658 783 1723 Graecia,
793 1677 850 1729 quse
859 1659 955 1729 speeies
964 1659 1092 1727 formaque
1100 1674 1144 1726 put

412 1750 468 1802 quoe
488 1733 562 1798 aeies,
582 1732 650 1804 quod
671 1734 813 1804 remigium,
833 1736 878 1806 qui
897 1739 983 1791 motus
1003 1733 1139 1797 hominum,

411 1807 522 1864 ferarum
537 1827 590 1865 non
605 1809 643 1865 ite
658 1810 775 1880 expictus
787 1814 835 1876 est,
847 1814 885 1876 ut,
899 1830 955 1883 quoe
970 1812 1023 1878 ipse
1036 1825 1090 1863 non
1101 1807 1144 1863 vid

410 1903 458 1941 nos
471 1891 502 1941 ut
513 1888 663 1953 videremus,
677 1888 807 1943 effeoerit?
843 1888 914 1948 Quid
930 1887 1008 1959 ergo?
1026 1890 1072 1940 aut
1089 1886 1144 1939 Hor

413 1961 603 2019 delectationem
620 1964 697 2018 animi
712 1981 741 2018 ao
753 1964 919 2035 voluptatem,
935 1966 978 2019 aut
993 1961 1113 2031 cuiquam
1127 1960 1144 2015 d

359 2036 523 2094 lltdeiuisse
537 2057 657 2111 umquem
674 2039 844 2095 arbitramur?
880 2042 940 2103 Aut,
956 2038 984 2092 ni
1000 2037 1038 2091 ita
1055 2054 1084 2091 se
1101 2054 1143 2091 res

415 2113 492 2178 beret,
512 2117 677 2187 Anaxagoras
697 2125 742 2169 aut
763 2115 804 2170 hie
827 2115 882 2185 ipse
899 2112 1061 2168 Democritus
1082 2130 1144 2182 agro

413 2189 564 2258 patrimonia
579 2209 626 2246 sua
640 2190 809 2261 reliquissent,
821 2190 880 2245 huie
891 2188 1011 2253 dbeeudi,
1025 2187 1144 2259 qurerend

414 2263 504 2320 divine
516 2265 677 2321 delectationi
689 2270 745 2321 toto
761 2284 789 2322 se
805 2268 888 2321 auimo
899 2264 1074 2319 dedidissent?
1111 2263 1144 2318 Iu

413 2357 535 2409 augurem
546 2342 675 2407 Tiresiam,
686 2360 761 2412 quem
773 2342 911 2412 sapientem
920 2341 1019 2411 fingunt
1031 2342 1144 2409 poetae,r

414 2433 489 2485 quam
504 2416 628 2471 inducunt
640 2417 813 2487 deplorantem
828 2417 968 2474 ereditatem
978 2434 1059 2471 suam.
1095 2417 1133 2470 At

414 2490 597 2563 Polyphemum
609 2493 747 2558 Homerus,
760 2512 838 2564 quum
853 2493 988 2548 immanem
999 2492 1144 2563 ieremque:

413 2567 484 2634 isset,
497 2585 555 2624 oum
567 2568 645 2623 ariete
661 2568 738 2623 etiam
754 2569 939 2639 oolloquentem
951 2569 1013 2624 fauit
1029 2572 1136 2638 ejusque

414 2644 474 2701 dare
489 2645 612 2712 fortunas,
625 2645 700 2716 quod,
713 2663 765 2715 qua
779 2646 863 2710 vellet,
880 2645 978 2717 ingredi
993 2649 1081 2715 posset
1097 2648 1133 2709 et,

408 2720 491 2789 vellet,
504 2722 642 2797 attingere.
680 2720 762 2778 Recte
774 2721 815 2777 hio
824 2721 934 2792 quidem.
970 2721 1058 2776 Nihilo
1070 2721 1138 2775 enim

386 2796 451 2867 ῘΡθθ
460 2800 585 2877 Cyclops,
601 2821 681 2879 quam
695 2802 763 2860 aries
775 2798 827 2865 ille,
838 2796 1000 2870 prudentior.
1030 2869 1036 2880 ι

311 2874 367 2923 rra
411 2877 472 2937 Hs
493 2882 530 2941 Iu
546 2886 693 2945 surditate
705 2899 773 2945 vero
787 2868 1062 2955 edomuerunt
1091 2868 1144 2919 un
