2634 3367
298 363 328 412 lt
438 362 950 412 TUSCULAN.DISPUTAT10NUM

296 476 350 531 ficri
368 475 436 547 apud
456 475 550 530 inferos
571 474 704 546 tingerent,
722 492 778 546 quse
799 474 853 529 sins
873 473 1020 545 corporibus
1041 490 1089 529 nec

296 552 351 607 fieri
366 557 478 622 possent,
494 569 542 606 noc
559 550 675 622 intelligi.
711 550 816 606 Animos
832 550 898 606 anim
915 568 960 622 per
976 567 1003 604 se
1020 550 1089 621 ipsos

298 628 412 682 virentes
432 645 484 681 non
504 630 623 697 poterant
643 629 729 681 ments
747 626 895 698 complecti:
917 627 1024 680 sormam
1044 625 1089 681 ali·

297 721 373 775 quam
384 703 542 774 figuramque
550 702 705 774 quaerebant.
733 701 797 757 Iade
810 702 917 757 Homeri
925 705 981 756 tota
993 706 1087 755 renota:

296 778 355 835 indo
366 797 404 844 os,
415 796 471 850 qnae
482 796 554 833 meus
566 779 662 834 amicus
671 778 770 849 Appius
784 785 952 845 νεκρομαντεῖα
963 776 1088 831 faciebat:

296 854 355 910 indo
366 855 394 909 in
405 855 497 910 vicinia
508 860 596 910 nostra
608 856 705 910 Averni
716 854 796 917 lacus,

329 940 393 987 dode
404 940 492 987 animae
504 940 639 987 excitantur
649 940 751 987 obscura
763 938 856 994 ambra,
868 942 950 1000 aperto
961 935 1022 982 tatio

328 1010 370 1058 ani
382 1010 539 1068 Acheruntis,
552 1010 614 1057 stlso
625 1010 752 1072 sanguine,
763 1011 913 1055 mdrtuorum
926 1007 1051 1068 imtgines.

299 1086 356 1140 Hss
374 1088 460 1140 tamen
476 1084 599 1156 imagines
615 1084 685 1157 loqui
696 1083 802 1140 volunt:
819 1084 889 1153 quod
906 1082 961 1137 heri
976 1099 1024 1137 nec
1036 1082 1091 1137 sine

296 1160 391 1233 lingua,
403 1179 450 1216 nec
461 1161 516 1216 sine
532 1161 625 1232 palato,
638 1178 686 1216 nec
702 1160 758 1215 sine
772 1160 891 1224 saucium,
905 1158 1021 1223 laterum,
1035 1157 1091 1229 pul-

298 1256 401 1293 monum
419 1238 445 1293 vi
462 1242 489 1293 et
507 1238 589 1308 figura
606 1240 699 1308 potest.
735 1236 808 1292 Nihil
823 1235 891 1290 caim
907 1234 990 1289 animo
1006 1234 1092 1289 ridere

261 1320 432 1383 capotenus:
452 1313 485 1368 ad
502 1314 589 1369 oculos
607 1313 692 1367 omnia
708 1312 859 1368 referebant.
896 1311 987 1381 Magni
1005 1318 1090 1365 autem

299 1394 338 1445 est
351 1390 453 1461 ingenii,
465 1406 582 1444 sevocare
594 1393 705 1444 mentem
717 1406 732 1442 a
744 1388 861 1443 sensibus
872 1390 899 1442 et
912 1387 1092 1458 cogitationem

299 1466 330 1521 ab
343 1463 525 1520 consuetudine
537 1463 670 1518 abducere.
694 1463 787 1534 Itaque
798 1462 873 1518 credo
886 1462 1001 1535 equidem
1014 1464 1092 1518 etiam

299 1541 361 1595 alios
378 1545 419 1594 tot
438 1538 553 1594 saeuus:
574 1538 627 1604 sed,
646 1539 715 1610 quod
732 1539 812 1594 literis
830 1545 914 1594 exstet
933 1537 1090 1610 prodinunt,

299 1615 457 1688 Pherecydes
470 1615 558 1687 Syrius
574 1614 683 1686 primam
696 1615 767 1680 dixit,
781 1615 877 1670 animos
893 1616 1022 1670 hominum
1035 1633 1092 1670 esse

300 1693 481 1763 sempiternos:
500 1692 620 1763 antiquus
639 1709 714 1747 sana:
736 1692 786 1746 fuit
808 1692 873 1746 anim
892 1709 949 1745 mco
969 1694 1093 1763 regnante

300 1769 398 1840 gentili.
436 1770 511 1822 Hanc
531 1768 674 1839 opinionem
695 1767 833 1839 discipulus
854 1768 908 1839 ejus
934 1768 1092 1839 Pythagoras

300 1846 410 1900 maximo
430 1844 605 1899 confirmavit:
626 1844 766 1916 quiquam
787 1844 901 1915 Superbo
923 1849 1045 1915 regnante
1066 1844 1094 1899 in

300 1921 401 1976 Italiam
417 1920 536 1985 venisset,
556 1919 639 1975 tenuit
656 1939 773 1992 maguam
790 1920 858 1975 illam
875 1920 998 1975 Graeciam
1014 1938 1092 1992 quum

300 1998 396 2053 honore
410 1996 555 2068 discipline,
568 1999 623 2052 tum
633 1997 710 2052 etiam
720 1997 886 2053 auctoritate:
905 1995 1035 2067 multaque
1046 2013 1094 2049 sae·

300 2076 358 2129 cula
375 2080 464 2145 postea
480 2075 517 2129 sic
534 2074 616 2145 viguit
633 2074 851 2146 Pythagoreorum
868 2090 968 2137 nomen,
983 2075 1014 2127 ut
1029 2070 1093 2126 nulli

301 2150 344 2206 alii
355 2151 423 2205 docti
437 2150 591 2205 viderentur.

336 2227 423 2280 XVII.
444 2224 495 2280 Sed
515 2225 591 2280 redeo
610 2224 643 2280 ad
663 2226 788 2296 antiquos.
825 2225 959 2280 Rationem
980 2223 1017 2278 illi
1037 2242 1092 2279 sen·

300 2302 388 2356 tentiae
403 2320 455 2356 suae
471 2317 523 2354 non
538 2301 591 2355 sera
605 2299 753 2364 reddebant,
769 2300 819 2354 nisi
831 2300 893 2370 quid
908 2304 963 2355 erat
981 2300 1093 2355 numeris

265 2385 347 2440 aoaut
359 2375 570 2446 descriptionibus
587 2374 770 2445 explicandum.
805 2376 938 2431 Platonem
955 2377 1050 2441 ierunt,
1063 2381 1093 2430 nt

301 2454 476 2525 Pythagoreos
488 2455 662 2523 cognosceret,
674 2452 701 2505 in
713 2452 814 2507 Italiam
826 2452 925 2508 venisse
937 2456 964 2507 ct
976 2452 1094 2507 didicisse

301 2530 464 2601 Pythagorea
474 2528 566 2593 omnia,
579 2527 739 2598 primumque
752 2528 783 2583 de
799 2528 939 2583 animorum
951 2528 1094 2583 aeternitate

301 2625 352 2661 non
365 2605 448 2660 solum
465 2604 575 2659 sensisse
589 2602 664 2667 idem,
678 2604 746 2674 quod
768 2605 944 2676 Pythagoram,
958 2603 1003 2658 sed
1018 2604 1094 2658 ratio·

303 2702 358 2737 nem
372 2682 448 2735 ctiam
461 2680 584 2736 attulisse.
620 2680 712 2745 Quam,
725 2680 773 2734 nisi
786 2679 846 2751 quid
858 2681 928 2745 dicis,
943 2680 1094 2751 praetcrmit·

300 2767 385 2810 tamus
398 2762 425 2811 at
440 2758 506 2811 hanc
517 2759 597 2810 totam
614 2772 684 2825 spem
701 2755 897 2811 immortalitatis
913 2756 1092 2826 relinquamus.

279 2834 312 2878 Α,
324 2832 380 2884 Ain
393 2834 449 2887 tn?
471 2852 552 2906 qnam
571 2850 615 2889 me
633 2831 660 2888 in
679 2850 806 2888 summam
821 2832 1034 2904 exspectationem
1051 2830 1095 2884 ad-

263 2900 387 2971 duxeris,
400 2906 533 2969 describ?
554 2911 658 2970 Errare
678 2910 831 2969 mehercule
841 2908 911 2965 malo
921 2905 1112 2964 montanas,
