2634 3367
304 360 336 408 92
443 358 638 407 TUSCULAN.
656 355 953 407 DISPUTATIONUM

304 468 499 534 turbationibus,
518 486 581 540 quas
601 468 628 522 in
645 467 725 522 vitam
745 467 876 520 hominum
896 464 1007 520 stultitia
1024 465 1096 535 quasi

305 545 425 615 quasdam
440 544 520 599 furias
535 544 651 598 immittit
668 547 745 614 etque
760 543 858 607 incitat,
872 542 988 596 omnibus
1000 540 1095 596 viribus

304 626 381 690 atque
398 620 488 690 opibus
505 619 698 690 repugnandum
716 622 764 683 est,
784 619 806 673 si
822 617 937 672 volumus
956 617 1012 684 boo,
1029 616 1096 687 qnod

305 696 392 750 datum
410 700 450 751 est
467 697 534 760 vite,
552 695 688 765 tranquille
707 693 852 764 placideque
869 692 1011 747 traducere.
1047 691 1097 747 Sed

305 775 403 826 oeteras
423 772 499 826 alias:
523 789 592 825 nuno
611 770 788 841 egritudinem
809 770 831 823 si
851 786 993 837 possumus,
1015 766 1097 837 depel-

305 846 394 901 lamus.
429 846 463 901 Id
473 847 541 901 enim
557 847 591 901 sit
607 846 772 917 propositum,
787 844 988 915 quandoquidem
1000 861 1055 897 eam
1067 846 1098 897 tu

305 922 386 977 videri
397 921 444 977 tibi
459 923 487 976 in
502 922 641 992 sapientem
657 921 747 976 cadere
759 919 862 975 dixisti:
881 918 949 989 quod
963 936 1012 989 ego
1027 918 1097 973 nullo

306 998 381 1053 modo
392 998 524 1053 existimo:
541 1001 617 1053 tetra
628 998 695 1051 enim
707 1014 748 1051 res
761 999 808 1060 est,
821 995 920 1060 misera
932 993 1097 1061 detestabilis,

306 1075 374 1129 omni
386 1074 555 1138 contentione,
564 1073 635 1137 velis,
644 1076 674 1128 ut
686 1071 723 1126 ita
734 1072 823 1139 diosm,
832 1071 958 1141 remisque
969 1069 1097 1139 fugienda

266 1158 298 1205 26
340 1150 406 1205 XII.
424 1150 514 1211 Qualis
526 1150 593 1205 enim
604 1148 652 1205 tibi
664 1148 706 1203 ille
717 1147 819 1203 videtur
988 1148 993 1157 '

339 1263 438 1310 'l'tntalo
449 1266 586 1325 prognttus,
599 1261 688 1323 Pelope
699 1264 777 1317 natus,
790 1259 831 1321 qui
843 1259 965 1321 quondam
975 1260 990 1304 a
1001 1272 1072 1304 sooru

341 1334 459 1381 OEnomao
469 1349 524 1394 rege
536 1329 724 1395 Hippodamiam
735 1330 808 1392 raptis
818 1332 936 1403 naotus’st
946 1325 1056 1389 ndptiisl

306 1434 378 1487 Jovis
394 1435 443 1487 iste
455 1433 557 1503 quidem
572 1450 705 1503 pronepos,
717 1437 802 1487 tamne
818 1449 880 1503 ergo
897 1430 1020 1501 abjectus,
1033 1433 1099 1485 tam·

307 1526 357 1579 qne
368 1508 484 1563 fractus?

340 1615 423 1663 Nolite
433 1614 531 1676 (inquit)
542 1613 648 1675 hospites
659 1614 690 1661 ad
701 1630 741 1661 me
752 1615 824 1663 adire.
859 1615 931 1663 Illioo
942 1615 1020 1663 istim!

338 1700 370 1732 ne
380 1682 492 1745 odntagid
503 1699 557 1732 mea
567 1681 643 1741 bonis,
655 1684 771 1731 umbrave
782 1685 857 1732 obsit:

339 1782 351 1793 -
362 1766 375 1794 '·
387 1762 453 1802 tauta
463 1752 500 1802 vis
511 1754 607 1801 sceleris
616 1751 643 1801 in
654 1768 752 1815 corpore
763 1754 846 1802 haeret.

307 1858 348 1914 'l'u
364 1863 401 1925 te,
414 1860 533 1930 Thyesta,
545 1858 682 1925 damnabis,
694 1858 845 1929 orbabisque
860 1859 917 1914 luoe
932 1860 1036 1928 propter
1047 1857 1098 1912 vim

308 1935 409 1991 soeleris
425 1936 518 1992 alieni?
549 1936 637 1994 Quid?
656 1936 728 1990 illum
743 1936 823 1990 filium
836 1936 901 1990 Solis
917 1952 1002 1990 nonne
1019 1933 1100 2005 patris

307 2011 387 2082 ipsius
398 2012 455 2068 luoe
466 2012 598 2084 indignum
610 2016 686 2083 putas
695 2012 706 2066 l

339 2118 460 2181 Retisgdre
470 2120 549 2168 oonli:
567 2122 654 2181 odrpus
665 2119 742 2167 macie
753 2119 872 2166 extabuit:

338 2188 454 2235 lamnmae
465 2189 577 2251 pereddre
588 2190 688 2237 humore
700 2186 829 2248 exsanguis
841 2202 924 2249 genes,

340 2258 389 2304 sito
401 2259 515 2305 liventes:
531 2259 603 2306 btnba
613 2260 708 2320 paedore
720 2257 817 2306 hdrrida
828 2265 900 2319 utque

340 2326 436 2372 intonsa
447 2327 551 2373 infuscat
562 2329 646 2388 peetus
657 2327 740 2374 illuvie
752 2328 869 2375 scabrum.

309 2423 374 2476 Haeo
385 2422 457 2487 malo,
470 2439 487 2475 o
497 2422 647 2478 stultissime
658 2426 743 2492 AEeta,
755 2425 809 2495 ipse
821 2424 868 2479 tibi
880 2423 1007 2478 addidisti.
1037 2424 1100 2478 Non

308 2498 408 2552 inerant
426 2497 454 2551 iu
473 2497 521 2561 his,
543 2516 599 2567 quse
619 2499 668 2554 tibi
686 2518 760 2555 ossus
780 2501 925 2555 invexerat:
950 2504 976 2553 et
997 2499 1100 2569 quidem

308 2573 449 2627 inveterato
469 2572 543 2637 malo,
562 2592 640 2644 quum
657 2580 743 2630 tumor
760 2576 837 2630 animi
856 2575 1100 2630 resedisset:-est

309 2654 394 2703 autem
407 2648 538 2719 agritudo,
552 2653 582 2703 ut
594 2649 697 2715 dooebo,
710 2652 737 2704 in
753 2652 869 2720 opinione
885 2651 944 2705 mali
955 2650 1101 2705 recentis—

309 2724 354 2780 sed
373 2743 461 2779 moeres
478 2724 596 2779 videlieet
616 2728 689 2796 regni
706 2726 837 2790 desiderio,
856 2745 906 2781 non
924 2726 990 2780 filiae.
1027 2726 1098 2780 Illam

296 2801 373 2871 ensis]
387 2801 487 2869 odem,
504 2805 532 2858 et
545 2804 607 2874 jure
622 2801 747 2858 fortasse:
765 2819 844 2871 nequo
861 2819 913 2855 non
929 2820 1002 2871 oequo
1017 2803 1100 2855 animo

280 2877 401 2939 weda-s
441 2881 496 2940 Est
514 2886 608 2941 autem
627 2880 766 2955 impudens
778 2878 870 2945 luston
884 2892 992 2938 mm
1005 2892 1037 2927 R
1049 2892 1107 2926 aab·
