2634 3367
374 361 376 365 ’
475 358 545 409 LIB.
556 358 586 407 V.
599 360 675 411 CAP.
690 362 727 416 25,
741 362 778 408 2²6.
976 363 1019 410 181

234 473 382 530 collocatam
393 475 476 544 putat,
486 491 562 543 quum
575 489 658 526 rerum
671 488 759 525 causas
771 468 831 524 alias
844 487 875 524 ex
884 468 938 525 aliis
951 472 1022 540 aptas

234 553 263 603 et
280 548 431 603 necessitate
447 566 528 603 nexas
539 547 623 614 ridet3
642 546 733 618 quibus
751 545 783 601 ab
801 549 895 602 aeterno
910 549 1023 616 tempore

234 624 373 679 fluentibus
386 623 413 678 in
424 626 554 691 aeteruum,
565 623 631 678 ratio
642 627 728 678 tamen
739 640 859 693 mensque
871 621 1023 677 moderatur.

236 700 302 755 Hac
324 698 367 754 ille
386 698 488 754 intuens
508 702 585 770 atque
605 698 752 768 suspiciens,
772 697 812 752 vel
832 697 917 768 potius
938 702 1061 753 omnes71

236 778 323 846 partes
346 791 453 845 orasque
475 774 686 844 circumspiciens,
711 779 807 846 quanta
833 792 921 829 rursus
948 773 1025 829 animi

236 849 421 921 tranquillitate
432 849 541 904 humana
552 854 579 904 et
591 850 708 906 citeriora
719 849 874 905 considerat!
903 849 971 905 Hinc
983 849 1026 904 illa

237 926 350 997 cognitio
361 925 464 980 virtutis
480 925 596 981 exsistit:
613 926 772 981 efflorescunt
788 943 881 996 genera
892 930 1026 996 partesque

237 1002 378 1057 virtutum:
396 1000 531 1066 invenitur,
544 1000 606 1071 quid
620 1002 662 1065 sit,
676 1000 744 1072 quod
760 1006 851 1056 natura
868 1004 966 1071 spectet
983 1019 1026 1055 eu·

237 1080 346 1133 hemum
358 1075 386 1130 in
397 1075 477 1140 bouis,
488 1075 555 1147 quod
564 1076 590 1130 iu
601 1076 674 1131 malis
686 1076 801 1131 ultimum
811 1098 819 1142 ;
837 1093 887 1145 quo
896 1076 1027 1131 referenda

238 1154 291 1208 sint
306 1152 395 1219 officia,
407 1169 463 1222 quae
475 1150 596 1222 degenda
611 1153 695 1207 atatis
711 1151 776 1206 ratio
792 1151 929 1221 deligenda
965 1152 1027 1217 Qui-

237 1228 287 1283 bus
298 1230 326 1283 et
337 1226 431 1281 talibus
443 1226 519 1281 rebus
531 1227 672 1298 exquisitis,
682 1226 730 1281 hoc
742 1226 782 1281 vel
793 1226 900 1281 maxime
912 1226 1026 1291 efficitur,

238 1302 307 1373 quod
318 1302 366 1356 hac
377 1301 549 1371 disputatione
561 1303 667 1372 agimm,
680 1306 710 1356 ut
722 1302 803 1357 virtus
816 1301 848 1356 ad
859 1300 932 1355 beate
943 1301 1028 1356 viven-

238 1379 299 1433 dum
320 1379 355 1433 sit
376 1396 404 1432 se
423 1378 479 1447 ipsa
499 1381 625 1433 contenta
662 1378 783 1449 Sequitur
801 1377 885 1443 tertia,
905 1394 962 1446 quaa
983 1386 1066 1448 perta

238 1471 326 1508 omnes
347 1456 432 1523 partes
453 1453 583 1522 sapientie
604 1457 689 1508 manat
709 1458 736 1507 et
756 1453 879 1518 funditur,
899 1470 955 1524 quae
975 1471 1028 1509 rem

238 1528 335 1596 delinit,
355 1546 449 1599 genera
470 1528 596 1598 dispertit,
618 1529 750 1600 sequentia
772 1530 894 1601 adjungit,
916 1530 1029 1603 perlecta

239 1604 376 1669 concludit,
394 1622 455 1658 vera
477 1606 504 1659 et
524 1604 588 1659 falsa
607 1603 737 1676 dijudicat,
758 1605 982 1662 disserendiratio
1002 1613 1028 1662 et

240 1679 353 1735 scientia
390 1680 431 1733 Ex
443 1697 582 1750 quaquam
599 1698 698 1736 summa
712 1681 810 1736 utilitas
826 1683 928 1738 exsistit
940 1683 972 1738 ed
988 1701 1028 1738 rea

239 1754 422 1826 ponderandas,
434 1760 492 1809 tum
509 1757 618 1811 maxime
635 1757 746 1826 ingenua
761 1757 894 1814 delectatio
910 1762 937 1815 et
953 1759 1029 1830 digna

240 1831 372 1903 sapientiai,
409 1830 459 1885 Sed
476 1831 530 1885 haec
548 1831 601 1885 otii.
635 1832 759 1888 Transeat
776 1833 842 1888 idem
862 1834 912 1889 iste
930 1834 1029 1904 sapiens

240 1906 273 1963 ad
290 1906 469 1978 rempublicam
489 1906 618 1963 tuendam.
654 1908 725 1968 Quid
746 1926 777 1963 eo
797 1910 878 1977 possit
895 1927 951 1965 essa
968 1926 1030 1978 pre-

240 1984 359 2051 stantius,
380 2002 457 2054 quum
479 1984 603 2039 contineri
625 1983 760 2054 prudentia
779 1984 916 2039 utilitatem
939 1984 1031 2039 civium

239 2063 337 2124 cernat,
350 2060 454 2130 justitia
469 2060 533 2114 nihil
549 2060 577 2114 in
594 2077 665 2114 suam
683 2058 784 2113 domum
801 2059 860 2114 iuda
877 2059 981 2125 derivet,
994 2076 1031 2115 re·

239 2135 317 2207 liquis
337 2139 427 2191 utatur
446 2139 487 2191 tot
507 2140 560 2191 tam
580 2135 707 2206 variisque
729 2135 883 2191 uirtutibus?
912 2136 1032 2207 Adjunge

240 2212 354 2266 iunctum
370 2211 553 2267 amicitiarum:
571 2211 598 2267 in
610 2228 660 2282 quo
677 2210 758 2265 doctis
775 2212 886 2282 positum
901 2216 941 2267 est
953 2229 1031 2283 quum

240 2286 375 2342 consilium
392 2286 474 2342 omnis
490 2287 551 2342 vitoe
567 2286 728 2343 consentiens
746 2291 773 2341 et
790 2306 860 2358 paeue
878 2288 1032 2359 conspirans,

242 2368 300 2418 tum
319 2381 417 2418 summa
429 2362 575 2435 jucunditas
587 2381 602 2418 e
614 2363 761 2433 quotidiano
777 2364 849 2420 cultu
865 2369 941 2436 atque
953 2364 1032 2420 victu.

241 2437 313 2498 Quid
325 2438 380 2493 haec
397 2438 500 2493 taudem
512 2439 566 2493 rita
576 2438 710 2507 desiderat,
723 2457 773 2511 quo
790 2440 824 2495 sit
836 2439 953 2495 beatior?
984 2440 1032 2495 Cui

242 2512 314 2583 [rei],
327 2513 429 2568 resarta
445 2517 486 2569 tot
503 2514 633 2584 tantisque
650 2514 757 2584 gaudiis,
771 2515 874 2569 furtum
890 2515 945 2585 ipsa
961 2515 1033 2569 cedat

241 2605 347 2643 necesse
365 2591 412 2642 est.
448 2588 525 2648 Quod
543 2589 565 2643 si
582 2589 693 2660 gaudme
710 2590 803 2645 talibus
822 2589 894 2644 bouis
912 2590 995 2653 animi,
1008 2591 1035 2644 id

241 2666 283 2719 eat
307 2662 453 2727 drtutibus,
478 2662 580 2717 beatum
608 2670 656 2729 est,
681 2682 818 2735 omnesque
846 2664 971 2733 sapientes
995 2664 1034 2719 his

241 2737 343 2809 gaudiis
361 2739 541 2867 petrlruuntur:
566 2756 653 2795 omncs
671 2758 715 2795 eos
735 2738 850 2795 confiteri
871 2738 961 2792 beatos
980 2756 1040 2791 esse

239 2830 347 2867 necesse
358 2831 385 2867 cs
399 2857 405 2868 .

269 2887 374 2944 ΚΜ
398 2893 434 2949 a,
457 2891 588 2953 alumne
611 2894 642 2953 u
665 2893 795 2951 aarum
813 2890 903 2954 assus
919 2865 1104 2930 unffi
