2634 3367
492 345 559 393 LIB.
579 345 615 392 ll.
631 344 706 393 CAP.
727 347 748 402 1,
765 347 786 392 2.
1001 350 1033 396 dd

244 454 360 518 rendum,
374 458 479 509 mortem
497 472 548 509 non
560 455 642 516 timet,
654 472 773 525 magnum
790 454 811 509 is
824 453 872 509 sibi
889 454 1031 525 presidium

243 530 276 584 ad
297 530 398 585 beatmn
418 532 495 584 vitani
516 536 654 600 comparat.
690 530 850 602 Quamquam
873 549 924 585 non
945 544 1055 591 sumusa

243 606 334 676 ignari,
352 605 445 660 multos
464 606 576 660 studiose
592 611 681 661 contra
698 624 753 661 esse
764 606 892 671 dicturos;
911 607 979 677 quod
995 608 1030 661 ri-

242 686 299 736 tare
308 683 377 737 nullo
387 681 460 736 modo
469 683 605 752 potuimus,
616 682 663 737 nisi
677 681 739 736 nihil
748 683 848 737 omnino
857 683 1032 738 scriberemus.

245 758 349 813 Etenim
362 759 384 812 si
399 759 533 823 orationes,
547 776 609 829 quas
621 777 668 813 nos
686 758 855 813 multitudiuis
868 759 963 830 judicio
976 779 1033 830 pro-

245 833 300 889 bari
321 834 473 897 volebamus,
497 833 635 905 (popularis
656 837 696 889 est
720 835 785 888 enim
806 834 849 889 illa
869 835 984 900 facultas,
1006 841 1032 890 et

245 911 352 965 effectus
369 910 518 979 eloquentiae
529 914 570 965 est
587 910 743 965 audientium
755 910 930 981 approbatio);
949 911 993 966 sed
1010 912 1031 967 si

245 986 437 1056 reperiebantur
449 987 570 1055 nonnulli,
583 988 626 1058 qui
638 987 701 1041 nihil
712 986 851 1052 laudarent,
864 989 913 1043 nisi
925 988 993 1058 quod
1005 1007 1032 1043 se

242 1062 337 1116 imitari
355 1080 430 1133 posse
445 1063 607 1130 confiderent,
619 1080 743 1134 quemque
759 1063 875 1133 sperandi
891 1063 946 1127 sibi,
963 1082 1033 1119 eum-

244 1137 300 1192 dem
317 1137 382 1193 bene
398 1137 498 1193 dicendi
514 1139 587 1193 finem
605 1149 780 1209 proponerent,
798 1142 833 1202 et,
849 1158 926 1210 quum
943 1138 1033 1194 obrue·
1128 1162 1129 1168 ¹

243 1218 333 1268 rentur
345 1214 418 1284 copia
433 1216 615 1269 sententiarum
631 1220 708 1285 atque
720 1213 860 1277 verborum,
870 1214 1032 1285 jejunitatem

242 1294 270 1345 et
282 1290 374 1345 famem
387 1310 415 1346 se
427 1291 506 1359 malle,
519 1310 593 1361 quarn
603 1290 744 1345 ubertatem
757 1294 784 1344 et
795 1290 892 1360 copiam
904 1289 1016 1346 dicerent

242 1368 311 1422 unde
330 1371 385 1422 erat
403 1372 518 1422 exortum
536 1386 617 1438 genus
635 1368 787 1432 Atticorum,
809 1366 840 1421 iis
858 1367 926 1437 ipsis,
946 1367 1033 1438 quiid

245 1444 317 1513 sequi
336 1462 364 1497 se
384 1443 575 1513 profitebantur,
593 1443 707 1514 ignotum
717 1465 724 1508 ;
747 1442 790 1511 qui
806 1446 860 1513 jam
881 1443 1032 1510 conticuere,

244 1537 316 1588 paene
329 1518 360 1574 ab
372 1518 428 1589 ipso
439 1519 494 1573 foro
510 1519 592 1573 irrisi:
611 1518 672 1590 quid
683 1519 798 1573 futurum
814 1523 940 1589 putamus,
954 1538 1032 1589 quum

245 1597 361 1664 adjutore
373 1595 473 1665 populo,
487 1613 537 1667 quo
549 1594 683 1649 utebamur
695 1600 777 1660 antea,
789 1613 856 1650 nunc
872 1595 974 1651 minime
986 1612 1032 1649 nos

243 1672 283 1726 uti
299 1690 374 1741 posse
387 1672 535 1726 videamus?
558 1671 606 1725 Est
622 1672 689 1725 euim
703 1672 860 1742 philosophia
875 1672 961 1743 paucis
973 1680 1059 1728 con-4

243 1752 318 1802 tenta
338 1747 473 1817 judicibus,
496 1747 684 1802 multitudinem
705 1748 821 1803 consulto
845 1749 900 1819 ipsa
922 1747 1030 1818 fugiens,

244 1825 319 1895 eique
332 1824 380 1893 ipsi
392 1827 419 1878 et
435 1828 554 1893 suspecta
564 1828 591 1878 et
607 1824 702 1878 invisa:
721 1828 751 1878 ut
764 1823 810 1887 vel,
824 1824 845 1877 si
859 1824 915 1892 quis
930 1824 1032 1877 univer-

241 1918 296 1954 sam
312 1900 375 1954 velit
391 1900 542 1969 vituperare,
560 1899 671 1955 secundo
687 1899 714 1953 id
729 1899 822 1969 populo
838 1900 920 1953 lacere
936 1899 1030 1969 possit;

241 1976 290 2040 vel,
304 1977 327 2030 si
342 1975 443 2040 ineam,
457 1994 532 2047 quam
543 1994 590 2030 nos
607 1976 715 2030 maxime
729 1975 864 2046 sequimur,
878 1978 983 2029 conetur
994 1974 1033 2027 in·

241 2053 342 2117 vadere,
354 2069 447 2122 magna
458 2051 550 2107 habere
562 2053 642 2122 possit
657 2051 750 2105 auxilia
761 2068 777 2104 a
788 2050 941 2121 rehquorum
953 2049 1034 2120 philo·

241 2130 379 2201 sophorum
391 2127 536 2199 disciplinis.

277 2207 315 2259 11.
332 2206 387 2259 Nos
403 2208 488 2259 autem
500 2204 624 2259 universa
639 2202 803 2275 philosophia
817 2204 1031 2275 vituperatoribus

240 2280 416 2351 respondimus
435 2281 462 2334 in
480 2280 635 2347 Hortensio;
659 2298 706 2350 pro
723 2280 857 2335 Academia
873 2284 957 2335 autem
974 2300 1031 2352 quae

240 2356 348 2412 dicenda
365 2361 459 2421 essent,
478 2358 540 2411 satis
561 2362 678 2411 accurate
698 2357 725 2411 in
746 2356 902 2413 Academicis
922 2364 1031 2429 quatuor

240 2434 312 2489 libris
331 2431 456 2502 explicata
474 2433 639 2488 arbitramur:
660 2434 706 2489 sed
726 2437 812 2489 tamen
829 2439 930 2489 tantum
949 2436 1028 2501 abest,

239 2513 270 2563 ut
283 2508 359 2564 scribi
371 2512 460 2563 contra
473 2527 519 2562 nos
534 2510 650 2574 nolimus,
663 2515 694 2564 ut
710 2511 736 2566 id
748 2510 824 2565 etiam
840 2511 947 2565 maxime
958 2519 1030 2581 opte-

239 2604 305 2639 mus.
343 2587 375 2638 In
386 2585 441 2654 ipsa
453 2585 518 2639 enim
532 2586 629 2639 Gracia
643 2586 801 2657 philosophia
812 2590 885 2641 tanto
896 2586 924 2642 in
935 2587 1029 2641 honoro

239 2680 378 2731 numquam
388 2661 486 2725 fuisset,
495 2660 544 2716 nisi
554 2662 756 2717 doctissimorum
765 2662 969 2717 contentionibus
978 2662 1028 2717 dis-

237 2737 448 2807 sensionibusque
460 2737 591 2806 viguisset.

274 2812 440 2877 Quamobrem
457 2813 549 2871 hortor
561 2834 662 2885 omnes,
676 2817 725 2893 qui
738 2817 832 2873 lacere
842 2813 879 2867 'ih
888 2804 1091 2881 possesso&

225 2888 306 2957 bvj&
325 2907 428 2963 lumine
452 2897 564 2969 generis
583 2897 701 2957 laudem
721 2902 783 2972 ‘qam
797 2881 958 2960 haussbffill
970 2877 1097 2927 ΜΝ
