2634 3367
302 352 334 400 98
442 347 639 397 TUSCULAN.
657 344 958 396 DISPUTATIONUM

303 459 456 530 interpretor
468 460 619 513 seutentiam
630 461 722 513 tuam?
749 458 836 513 Solent
853 457 920 510 enirn
937 455 981 510 isti
999 472 1092 526 negare

263 548 294 595 88
302 552 349 589 nos
360 533 509 601 intelligere,
521 533 582 603 quid
595 533 662 588 dicat
678 534 812 604 Epicurus.
848 533 907 587 Hoc
920 531 989 595 dicit,
1002 536 1028 584 et
1045 532 1093 585 hoc

302 609 344 665 ille
355 607 486 675 acriculus,
498 625 538 662 me
550 608 675 673 audiente,
686 608 794 663 Athenis
806 625 883 661 senex
896 608 971 671 Zeno,
984 607 1093 660 istorum

303 684 471 751 acutissimus,
483 683 635 738 contendere
652 688 680 739 et
697 702 788 753 magna
802 701 863 737 voce
880 683 962 737 dicere
980 681 1093 736 solebat:

303 778 361 816 eum
381 777 437 813 esse
456 758 566 823 beatum,
585 759 629 829 qui
649 758 816 829 presentibus
833 757 1007 827 voluptatibus
1027 760 1094 811 frue-

303 839 383 901 retur,
401 833 587 904 confideretque
604 852 632 889 se
649 834 787 888 irruiturum
806 838 850 887 aut
868 833 987 899 inomni,
1005 837 1050 886 aut
1068 832 1096 886 iu

305 928 396 981 magna
418 913 491 980 parte
510 910 578 974 vitu,
600 909 685 964 dolore
708 927 760 963 non
782 909 966 963 interveniente
973 930 980 973 ;
1007 911 1052 962 aut
1073 908 1096 962 si

304 985 476 1050 interveniret,
498 985 520 1040 si
544 1002 657 1039 summus
678 983 752 1049 foret,
774 983 890 1038 futurum
913 984 1029 1048 brevem;
1056 983 1096 1037 sin

306 1060 459 1133 productior,
476 1060 534 1131 plus
551 1060 697 1115 habiturum
715 1059 828 1129 jucundi,
848 1078 923 1129 quam
943 1059 1018 1113 mali:
1042 1057 1096 1113 haec

307 1136 460 1209 cogitantem
472 1136 527 1190 lore
542 1134 653 1199 beatum,
666 1135 806 1203 presertim
822 1135 845 1189 si
860 1138 887 1189 et
899 1138 958 1188 aute
970 1134 1096 1203 perceptis

306 1212 379 1268 bonis
396 1214 532 1267 contentus
549 1214 624 1278 esset,
641 1227 689 1265 nec
706 1213 820 1274 mortem,
838 1227 885 1264 nec
900 1209 961 1263 deos
979 1208 1098 1263 extimes·

307 1293 384 1345 cenet.
418 1287 507 1343 Habes
524 1286 630 1342 formam
647 1286 753 1356 Epicuri
768 1286 828 1340 vita
845 1285 932 1350 beatae,
947 1284 1031 1339 verbis
1050 1285 1098 1338 Ze·

307 1364 381 1419 nonis
392 1380 543 1431 expressam,
554 1362 617 1416 nihil
628 1364 659 1416 nt
669 1362 751 1431 possit
762 1361 856 1432 negari.

269 1446 300 1494 tt
342 1436 448 1491 xvm
467 1435 538 1494 Quid
548 1437 629 1506 ergo?
647 1435 756 1506 hujusne
767 1436 827 1491 vitae
842 1434 980 1506 propositio
991 1438 1019 1489 et
1031 1436 1098 1505 cogi-

309 1512 374 1568 tatio
387 1515 436 1566 aut
452 1511 582 1581 Thyesten
599 1511 683 1565 levare
700 1512 801 1581 poterit,
817 1516 862 1566 aut
877 1512 986 1575 fficiam,
1000 1510 1031 1565 tle
1047 1528 1098 1580 quo

309 1586 394 1657 paullo
405 1588 468 1640 ‘arrte
484 1585 543 1650 dixi,
556 1590 601 1639 aut
616 1585 784 1651 Telamonem,
802 1586 904 1656 pulsum
921 1586 1010 1655 patria,
1023 1604 1099 1641 exsu-

309 1662 404 1716 lantem
416 1664 492 1731 atque
503 1662 640 1731 egentem?
658 1660 685 1714 iu
697 1678 747 1731 quo
759 1662 813 1716 haec
825 1661 956 1716 admiratio
969 1661 1061 1716 fiebat:

344 1769 447 1817 Hicciue
463 1775 498 1851 eat
514 1769 613 1817 Telamo
631 1768 682 1827 ille,
697 1770 769 1817 modo
783 1788 854 1834 quem
870 1769 948 1833 gloria
963 1772 994 1819 ad
1010 1773 1100 1820 caelum

343 1838 606 2026 quemaissetclabmtt
632 1905 703 1973 cujus
718 1910 748 1958 ob
764 1925 790 1958 os
805 1910 875 1958 Graii
891 1908 933 1960 ora
949 1912 1101 1959 obvertebant

407 1993 451 2027 sua

274 2083 314 2129 lo.
344 2069 425 2131 Quod
436 2070 459 2126 si
470 2071 519 2137 cui,
531 2072 562 2126 ut
574 2070 610 2126 ait
622 2070 696 2137 idem,

407 2164 479 2212 simul
491 2164 586 2211 animus
597 2180 652 2212 cum
664 2180 689 2212 re
701 2163 813 2223 concidit,

311 2258 462 2326 agraribus
477 2258 529 2313 illis
546 2258 657 2329 antiquis
679 2259 833 2330 philosophis
851 2259 960 2330 peteuda
976 2260 1102 2315 medicina

310 2335 425 2396 estnon
441 2331 473 2387 ab
487 2332 529 2386 his
541 2332 696 2401 voluptariis.
732 2335 816 2394 Quam
833 2336 900 2390 enim
918 2336 962 2389 isti
977 2334 1101 2389 bonorum

312 2407 409 2476 copiam
427 2406 535 2461 dicuutl’
570 2407 622 2462 Fac
635 2425 700 2463 sanc
718 2427 773 2464 esse
791 2428 917 2465 summum
934 2410 1036 2475 bonum,
1050 2429 1102 2465 nou

312 2480 405 2535 dubie.
441 2481 601 2550 Quamquam
613 2480 639 2535 id
650 2499 703 2537 nou
713 2489 819 2540 vocetur
828 2485 954 2557 voluptas.
989 2485 1040 2540 aed
1051 2504 1103 2541 nou

312 2573 415 2611 necmsc
426 2559 466 2610 est
477 2573 545 2610 nunc
556 2558 647 2613 omnia.
682 2558 748 2614 Idne
760 2564 807 2625 est,
821 2580 871 2631 quo
882 2561 994 2616 traducti
1005 2562 1104 2616 luctum

310 2632 444 2686 levemus?
479 2631 519 2685 Sit
543 2649 603 2687 sane
627 2651 752 2689 summum
774 2637 867 2692 malum
892 2637 983 2692 dolere.
1020 2638 1053 2691 Iu
1074 2654 1104 2692 eo

313 2706 393 2777 igitur
410 2707 454 2777 qui
470 2724 522 2760 nou
537 2711 585 2774 cst,
604 2708 627 2762 si
646 2709 712 2763 malo
730 2716 822 2777 careat,
840 2714 992 2767 continuone
1009 2712 1104 2766 fruitur

261 2795 296 2839 41
302 2798 408 2837 summo
422 2782 512 2838 bono?
548 2783 619 2844 Quid
629 2787 834 2857 tergiversamur,
847 2787 965 2858 Epicure,
978 2806 1025 2843 nec
1041 2789 1106 2843 fate·

286 2871 354 2908 mut
368 2876 426 2915 eam
445 2880 496 2919 uos
516 2860 605 2922 dicere
622 2863 796 2939 uoluptatem,
807 2880 885 2936 uuam
897 2862 1110 2930 inmensum
