2634 3367
297 338 344 387 150
434 332 631 386 TUSCULAN.
648 332 947 408 DISPUTATIONUM

295 447 373 502 animi
384 444 616 516 perturbationibus
632 446 673 499 est
689 444 804 515 proieoto
816 442 887 499 nulls
897 442 1088 500 vehementior:

295 529 333 590 ut,
346 523 368 577 ai
381 527 435 592 jam
453 522 509 591 ipsa
525 521 568 575 illa
585 539 704 575 accusare
723 520 795 588 nolis,
808 524 898 591 stupra
914 519 972 575 dioo
989 524 1017 575 et
1034 538 1090 576 eor-

295 597 408 668 ruptelos
424 601 451 652 et
467 596 598 661 adulteria,
611 597 709 652 inoesta
723 596 839 667 denique,
852 612 959 667 quorum
977 595 1090 651 omnium

296 672 443 728 uoeusabilis
467 676 507 727 est
527 672 676 742 turpitudo;
703 672 748 728 sed
771 677 802 727 ut
824 672 879 727 heo
899 671 1013 739 omittas,
1033 689 1091 742 per·

257 758 289 810 76
297 747 410 803 turbatio
427 748 483 817 ipsa
499 749 592 803 mentis
609 748 637 803 iu
654 765 740 803 amore
751 747 818 803 feda
833 765 879 818 per
891 764 919 802 se
935 748 985 803 est.
1021 747 1091 803 Nam

297 824 382 879 utilia
397 828 551 894 praeteream,
565 843 622 896 que
637 823 820 880 suutiuroris:
838 824 893 879 hee
908 822 965 894 ipsa
976 841 1023 894 per
1034 842 1091 879 sese

297 918 372 972 quam
384 900 478 956 habeut
489 900 626 968 levitatem,
640 919 697 972 qun
708 900 827 956 videntur
838 917 895 955 esse
907 899 1061 958 mediocria!

520 1002 665 1068 —iujiiriae,

361 1072 517 1137 suspiciones,
528 1072 673 1131 inimicitie,
683 1072 796 1132 inducite,

360 1144 461 1204 bellium,
472 1162 520 1209 pur
530 1162 641 1195 rursum:
657 1146 749 1193 iuofirta
759 1146 813 1193 haee
824 1145 845 1193 ai
856 1151 884 1193 tu
894 1143 1005 1209 p6stulea

361 1216 454 1267 ratione
465 1225 530 1265 oerto
540 1218 625 1274 ficere,
637 1216 714 1263 nihilo
725 1216 781 1277 plbs
792 1231 857 1277 agua,

361 1305 436 1351 quum
447 1285 470 1338 si
479 1288 520 1335 dea
530 1302 635 1349 operam,
645 1294 673 1334 ut
684 1283 739 1333 esum
751 1286 842 1334 ratione
852 1286 965 1335 insenius.

297 1383 364 1440 Hee
378 1382 548 1439 ineoustautia
562 1381 768 1452 mutabilitasque
780 1382 872 1436 mentis
884 1398 961 1453 quem
972 1399 1025 1437 nou
1036 1382 1090 1455 ipsa

298 1460 424 1530 pravitate
444 1458 590 1514 deterreat?
625 1458 675 1513 Eat
698 1458 763 1512 euim
788 1456 858 1525 illud,
879 1457 948 1528 quod
971 1458 1000 1513 iu
1022 1458 1090 1514 omui

297 1534 488 1607 perturbatione
499 1532 600 1597 dieitur,
613 1532 845 1602 demonstrandum,
857 1534 952 1589 nullam
967 1552 1026 1590 esse
1041 1534 1090 1591 nisi

298 1609 455 1681 opinabilem,
477 1608 526 1662 uisi
547 1608 645 1677 judicio
669 1614 824 1680 suseeptam,'
841 1609 892 1664 nisi
912 1610 1088 1666 voluntariam.

298 1686 400 1741 Etenim
417 1685 440 1739 si
457 1683 579 1738 naturalis
597 1702 667 1739 amor
685 1690 768 1740 esset:
787 1689 814 1740 et
830 1690 943 1741 amarent
954 1704 1053 1753 omues,
1063 1690 1088 1743 et

298 1780 396 1833 semper
408 1764 529 1824 ornarent,
541 1764 568 1814 et
583 1759 650 1814 idem
669 1765 792 1826 amarent,
803 1779 886 1832 neque
904 1760 982 1817 alium
998 1762 1087 1834 pudor,

298 1837 375 1893 alium
387 1837 517 1904 cogitatio,
530 1836 606 1891 alium
619 1836 724 1891 satietas
737 1837 884 1892 deterreret.

258 1918 291 1970 77
334 1914 455 1969 XXXVI.
473 1914 517 1968 Ira
530 1931 597 1977 vero,
611 1932 685 1984 quam
701 1912 745 1967 diu
761 1914 894 1984 perturbat
910 1913 1030 1981 animum,
1044 1915 1089 1971 du·

297 1990 445 2045 bitationem
464 1990 567 2044 insaniae
584 2008 635 2043 nou
652 1988 745 2045 habet:
766 1992 840 2059 eujus
857 1989 970 2061 impulsu
987 1992 1089 2048 exsistit

297 2068 373 2123 etiam
385 2068 453 2122 iuter
464 2066 556 2121 fratres
567 2065 619 2120 tale
626 2066 757 2136 jurgium:

331 2175 360 2221 A.
379 2173 444 2223 Quis
461 2173 533 2254 homo
552 2179 575 2220 te
594 2172 745 2234 exsupertvit
760 2186 864 2235 usquam
880 2173 991 2235 gemtum
1007 2173 1088 2238 impu·

331 2312 369 2358 M.
386 2244 541 2361 Quilseziiiein
552 2312 646 2359 malitia
657 2316 697 2360 tel

299 2404 384 2468 Nosti,
403 2422 460 2474 quae
477 2409 625 2475 sequuntur.
662 2407 775 2463 Alternia
794 2408 860 2464 enim
878 2409 993 2465 versibus
1009 2411 1091 2467 intor-

298 2484 409 2553 quentur
420 2479 487 2533 inter
499 2480 590 2535 iratres
606 2482 761 2552 gravissime
777 2484 950 2541 contumeliae:
970 2491 1001 2541 ut
1017 2488 1091 2543 iaoile

298 2558 417 2627 appareat
429 2556 502 2610 Atrei
514 2556 578 2613 filios
594 2576 650 2613 esse
667 2559 729 2629 ejus,
744 2560 788 2630 qui
801 2560 940 2615 meditatur
952 2579 1053 2632 poenam
1065 2565 1092 2620 iu

297 2634 401 2689 fratrem
413 2649 512 2686 noram.

330 2725 413 2790 Major
424 2727 484 2774 mihi
494 2727 578 2784 moles,
590 2729 669 2789 majus
680 2728 832 2778 miscendum
844 2734 875 2777 'at
886 2731 987 2790 malurn,

316 2800 364 2859 qni
371 2796 443 2847 illius
455 2800 572 2849 acerbum
584 2796 628 2849 eor
639 2801 788 2849 contundam
799 2809 824 2849 et
833 2800 999 2862 comprimam.

264 2881 336 2941 Quae
346 2885 439 2959 igetur
449 2890 511 2949 bue
524 2891 576 2951 erit
590 2891 697 2951 molest
737 2887 813 2945 Anii
818 2888 964 2958 'tbpestem
969 2884 1073 2950 'ipsum
