2634 3367
319 338 363 385 128
454 336 651 386 TUSCULAN.
671 338 969 386 DISPUTATIONUM

316 448 543 518 aegrotationesque
559 454 706 502 naseuntur.
744 451 805 514 Qum
818 453 903 503 antem
920 454 982 504 sunt
994 450 1034 505 his
1049 468 1104 506 oon·

316 524 401 586 traria,
414 541 444 577 ea
458 524 528 578 nasei
544 528 667 593 putantur
680 542 695 577 a
711 532 795 578 metu:
814 529 844 578 ut
857 524 946 579 odium
959 529 1104 589 mediorum,

317 600 390 669 quale
398 599 425 652 in
433 606 553 665 μισογύνῳ
562 600 646 653 Attilii
658 604 698 654 est
705 622 713 665 ;
731 605 761 653 ut
770 603 800 653 iro
808 601 945 654 lominum
957 605 1105 656 universum

312 693 402 745 peona,
415 674 483 745 quod
499 676 639 745 aooepimus
656 676 687 730 de
701 676 813 739 Timone,
827 676 870 745 qui
885 678 1050 743 μισάνθρωπος
1065 696 1105 748 ep-

316 750 439 819 pellatur3
464 754 494 805 ut
512 752 705 821 inhospitalitas
727 756 775 806 est.
812 752 878 811 Qum
895 768 985 805 omnes
1002 758 1105 823 aegrote

315 827 397 882 tiones
409 828 486 882 animi
502 845 534 882 ox
550 827 658 898 quodam
669 831 740 882 metu
752 832 892 882 naseuntur
909 844 996 881 earum
1013 846 1104 895 rorum,

275 918 306 965 26
316 921 378 974 quas
390 905 493 975 fugiunt
504 908 531 959 et
543 904 659 959 oderunt.
695 903 828 958 Definiunt
843 908 928 958 autem
941 904 1020 958 animi
1032 923 1105 973 (υμνο-

315 983 437 1035 tationem
448 980 617 1051 opinationem
625 979 799 1035 vehementem
812 979 843 1034 de
851 997 880 1034 re
891 997 943 1033 non
955 982 1104 1050 expetenda,

315 1060 443 1125 tamquam
461 1056 533 1111 valde
551 1054 692 1127 expetenda
710 1055 753 1120 sit,
769 1055 934 1111 inherentem
955 1060 984 1110 et
1004 1057 1104 1126 penitus

315 1131 425 1187 insitam.
463 1132 536 1199 Quod
556 1137 639 1187 autem
662 1131 774 1186 nascitur
792 1150 825 1186 ex
844 1131 991 1196 offensione,
1009 1133 1049 1188 ita
1065 1134 1104 1190 de«

314 1207 413 1277 liniunt,
433 1210 575 1280 opinionem
597 1209 771 1263 vehementem
795 1206 827 1263 de
850 1226 878 1261 re
900 1225 952 1262 non
964 1208 1102 1281 'fugienda

314 1285 485 1352 irrhaerentom,
509 1290 536 1341 et
561 1285 663 1356 penitus
686 1284 795 1349 insitam,
819 1290 948 1355 tamquam
976 1285 1103 1357 fugiendi.

315 1362 378 1417 Hoeo
388 1367 471 1417 autem
483 1361 595 1431 opinatio
606 1367 646 1416 ost
655 1360 785 1431 judicatio,
796 1378 823 1415 se
835 1359 907 1425 seire,
917 1360 987 1430 quod
998 1364 1102 1418 neseiat.

312 1437 486 1507 AEgrotationi
494 1436 771 1509 autemtnlisquoedam
780 1435 894 1506 subjecta
903 1439 972 1501 sunt,
982 1442 1101 1503 ooartoo,

312 1512 424 1577 αηιόίιίο,
440 1513 617 1579 mulierositas,
632 1516 783 1583 pervicacia,
797 1514 937 1582 liquontia
951 1515 1101 1581 vinolerm'o,

312 1588 427 1657 cupedia,
440 1592 467 1642 et
484 1588 567 1659 siqua
581 1588 679 1643 similia.
715 1588 764 1643 Est
775 1593 860 1643 autem
873 1588 979 1643 avaritia
990 1591 1102 1659 opinatio

312 1663 447 1719 vehemens
467 1663 499 1718 do
519 1666 631 1734 peomne,
652 1666 725 1736 quasi
745 1664 817 1720 valde
837 1663 979 1735 expetenda
1002 1666 1046 1731 sit,
1067 1668 1102 1722 in·

313 1739 409 1794 haerens
418 1744 445 1795 et
457 1740 557 1811 penitus
569 1741 662 1796 insita:
681 1741 818 1813 similisque
827 1744 866 1795 est
875 1739 988 1810 ejusdem
1001 1745 1101 1812 generis

272 1814 424 1874 ardefinitio
444 1818 604 1889 reliquarum.
642 1819 819 1889 offensionum
839 1821 923 1871 autem
941 1815 1101 1874 definitiones

311 1899 372 1948 sunt
392 1895 523 1965 ejusmodi,
542 1900 572 1951 ut
592 1895 783 1965 inhospitalitas
802 1894 837 1947 sit
855 1892 939 1962 opinio
957 1893 1101 1962 vehemens,

311 1970 383 2025 valde
394 1971 541 2043 fugiendum
554 1990 610 2027 esse
627 1970 760 2040 hospitem,
773 1987 852 2038 eaque
870 1968 995 2023 inhaerens
1013 1974 1042 2025 et
1060 1988 1102 2042 po·

310 2047 380 2102 nitus
393 2049 484 2104 insita:
502 2049 668 2120 similiterque
680 2046 799 2101 definitur
810 2048 837 2099 et
850 2046 991 2098 mulierum
1002 2046 1101 2115 odiunt,

310 2128 340 2176 ut
354 2125 494 2197 Hippolyti,
507 2130 542 2191 et,
555 2134 585 2180 ut
596 2124 717 2187 Timonis,
728 2124 829 2192 poneris
840 2120 959 2174 temni.

345 2200 410 2254 XII.
423 2202 508 2271 Atque
518 2208 548 2257 ut
556 2202 592 2255 ad
601 2200 751 2255 valetudinis
763 2196 951 2253 similitudinem
960 2197 1101 2267 veniamus,

310 2293 389 2343 enque
407 2278 539 2332 collatione
556 2283 658 2332 utamur
676 2274 817 2346 aliquando,
836 2272 881 2327 sed
899 2273 1006 2343 parcius,
1024 2293 1100 2345 quam

310 2352 392 2405 solent
405 2353 498 2407 Stoici:
517 2359 547 2407 ut
563 2356 624 2407 sunt
640 2352 682 2406 alii
694 2352 726 2407 ad
738 2352 800 2406 alios
812 2349 912 2404 morbos
928 2350 1100 2418 procliviores,

312 2429 408 2498 (itaque
420 2428 526 2483 dicimus
542 2428 721 2497 gravedinosos
733 2426 863 2497 quosdam,
875 2426 996 2497 quosdam
1011 2428 1101 2482 tormi-

309 2523 393 2571 nosos,
405 2523 456 2559 non
473 2506 532 2575 quia
545 2508 598 2575 jam
615 2505 675 2570 sint,
688 2504 733 2558 sed
745 2506 803 2575 quia
821 2521 889 2573 saepe
905 2503 968 2570 sint)
977 2524 985 2567 ;
1003 2502 1042 2557 sie
1058 2503 1101 2559 atii

310 2583 342 2637 ad
360 2588 461 2647 metum,
479 2583 521 2637 alii
538 2581 570 2635 od
591 2580 664 2634 aliam
684 2580 906 2652 perturbationem.
941 2578 983 2633 Ex
1000 2597 1053 2650 quo
1073 2580 1101 2635 in

310 2661 364 2715 aliis
384 2664 509 2725 anxiatos,
530 2657 597 2713 unde
616 2657 691 2721 anxii,
713 2658 740 2710 in
760 2656 814 2709 aliis
836 2655 974 2710 troooodta
995 2655 1098 2722 dicitur,

308 2757 365 2808 qum
381 2738 413 2793 ab
426 2742 465 2791 iro
481 2735 580 2790 differt:
599 2735 688 2803 estque
704 2732 772 2787 aliud
787 2731 935 2786 iracundum
951 2749 1015 2799 esse,
1030 2731 1099 2787 uliud

290 2814 409 2885 iratum
434 2820 463 2873 ut
482 2815 570 2873 differt
591 2813 713 2867 anxietur
733 2809 765 2863 ali
785 2822 888 2876 empore.
922 2809 1012 2877 Neque
1030 2809 1098 2863 enim

277 2908 375 2951 ornnes
402 2897 486 2969 anxii,
510 2896 556 2973 qui
580 2894 717 2969 anguntur
740 2883 887 2957 meimet,
902 2898 954 2934 neo
970 2883 1019 2949 qm
1034 2884 1114 2946 tm&
