2634 3367
463 327 531 375 uu.
545 327 595 375 111.
614 327 688 374 CAP.
702 327 803 375 12-14.
1002 327 1033 374 93

242 435 358 500 detentis,
378 434 445 506 quod
462 435 585 504 imperare
602 451 654 488 non
675 432 748 488 liceat
766 432 859 488 liberis.
896 432 1032 502 Dionysius
1042 436 1073 487 27

241 511 344 581 quidem
361 517 492 581 tyrannm,
510 510 641 580 Syracusis
659 508 788 579 expulsus,
807 507 924 564 Corinthi
941 526 1033 577 pueros

242 587 364 641 docebat:
389 605 469 658 usque
487 604 517 640 eo
534 584 639 655 imperio
660 602 745 639 ourere
762 602 813 639 nou
831 588 938 652 poteret.
974 585 1033 638 Tar·

242 663 329 731 quinio
341 680 401 717 vero
416 661 477 733 quid
494 660 673 731 impudentius,
687 659 731 730 qui
747 659 840 714 bellum
858 664 957 731 gereret
975 678 1033 713 oum

241 737 282 802 iis,
297 738 340 808 qui
352 738 407 808 ejus
419 755 471 792 non
482 736 594 791 tulerant
606 735 769 806 superbiam?
793 736 828 799 Is,
841 753 919 806 quum
931 735 1033 789 restitui

241 813 270 867 in
290 832 394 884 regnum
418 830 466 868 nee
482 812 627 867 Veientium
651 829 698 866 nec
717 811 867 866 Latinorum
890 811 967 865 armis
990 828 1032 880 po

242 889 343 953 tuisset,
354 890 448 943 Comes
460 906 488 942 se
499 887 637 942 contulisse
648 886 750 950 dicitur,
759 887 835 957 inque
846 904 877 941 eu
887 886 950 942 urbe
962 887 1032 941 senio

242 968 270 1019 et
282 964 432 1034 egritudine
444 981 500 1018 esse
512 962 650 1019 coniectus.

277 1040 357 1095 XIII.
376 1040 435 1094 Hoc
452 1042 482 1093 tu
498 1038 579 1109 igitur
590 1055 678 1093 censes
695 1036 803 1107 sepienti
820 1036 933 1093 occidere
949 1055 1031 1108 posse,

242 1122 273 1170 ut
285 1113 435 1186 egritudine
446 1114 611 1185 opprimatur,
623 1112 650 1168 id
665 1116 705 1168 est
720 1112 839 1167 miserie?
874 1112 941 1167 Nem
954 1131 1032 1182 quum

243 1190 324 1245 omnis
339 1189 497 1261 perturbatio
514 1188 615 1244 miserie
626 1191 674 1252 est,
687 1195 743 1241 tum
755 1187 897 1243 cornificius
908 1196 948 1241 est
960 1188 1033 1258 egri·

242 1266 314 1321 tudo,
350 1265 437 1321 Habet
449 1264 565 1320 ardorem
576 1263 662 1331 libido,
670 1263 800 1318 levitatem
811 1262 900 1317 letitie
911 1262 1031 1333 gestiens,

242 1341 411 1396 humilitatem
428 1344 528 1406 metus;
548 1338 594 1395 sed
611 1337 736 1411 egritudo
753 1342 849 1411 majore
861 1336 982 1411 quedem,
994 1342 1032 1392 te·

243 1417 308 1484 bem,
320 1416 467 1483 eructatum,
479 1415 673 1479 afflictationem,
686 1414 827 1470 feditatem
834 1437 842 1482 ;

338 1510 435 1567 luceret,
446 1518 513 1557 exest
523 1506 640 1567 animum,
652 1508 771 1571 pleneque
782 1509 886 1557 conficit.

243 1595 320 1649 Hanc
336 1594 385 1649 nisi
405 1593 522 1648 exuimus
542 1594 588 1658 sic,
606 1597 635 1649 ut
656 1593 811 1663 abjiciamus,
829 1593 930 1649 miserie
947 1611 1032 1650 cerere

242 1688 294 1724 non
306 1688 448 1739 possumm.

257 1764 260 1770 ’
280 1748 365 1815 Atque
376 1745 425 1799 hoc
437 1743 538 1815 quidem
553 1744 715 1815 perspicuum
729 1748 777 1810 eet,
789 1748 845 1800 turn
857 1745 1030 1816 egritudinem
1042 1755 1073 1799 28

243 1821 373 1887 exsistere,
382 1838 460 1890 quum
472 1818 533 1891 quid
544 1820 582 1875 ite
590 1821 672 1875 risum
684 1822 725 1888 sit,
734 1825 765 1875 ut
776 1839 895 1891 magnum
907 1820 1033 1891 quoddam

243 1896 336 1950 mulum
353 1895 441 1950 edesse
456 1899 483 1950 et
498 1913 590 1966 urgere
601 1895 725 1951 rideatur.
760 1896 871 1964 Epicuro
884 1902 966 1950 autem
981 1896 1033 1966 ple-

242 1975 292 2038 oet,
310 1970 453 2042 opinionem
469 1970 529 2026 mali
547 1970 722 2041 egritudinem
740 1988 796 2025 esse
813 1975 912 2037 netum,
926 1976 963 2037 ut,
978 1972 1033 2041 qui·

243 2065 351 2115 cumque
371 2047 501 2101 intuentur
518 2046 546 2101 in
562 2047 665 2117 eliquod
681 2047 763 2117 majus
781 2046 881 2110 mutum,
901 2045 923 2100 si
940 2045 967 2099 id
985 2047 1033 2101 sibi

242 2122 364 2178 accidisse
373 2123 498 2192 opinetur,
508 2122 672 2177 sit'continuo
684 2123 711 2176 in
722 2120 878 2192 egritudine
903 2122 1033 2191 (tyreneici

242 2217 295 2253 non
306 2198 374 2253 omni
386 2197 452 2252 mulo
463 2196 639 2267 egritudinem
651 2197 715 2251 effici
727 2200 838 2265 censent,
849 2196 895 2251 sed
905 2197 1033 2267 insperato

242 2278 271 2330 et
288 2274 453 2343 necopinato
468 2272 542 2327 muto.
577 2273 626 2327 Est
641 2271 669 2327 id
680 2273 782 2343 quidem
798 2291 851 2328 non
865 2272 990 2329 mediocre
1002 2274 1034 2329 ud

243 2349 419 2420 egritudinem
431 2347 588 2418 augendam:
605 2347 724 2403 ridentur
733 2348 798 2403 enim
811 2348 895 2404 omnio
903 2350 1034 2421 repentine

243 2425 367 2497 grauiore
401 2424 442 2479 ux
454 2424 503 2478 hoc
514 2426 541 2478 et
553 2422 663 2493 iliujure
674 2423 825 2479 laudantur:

266 2527 330 2589 ‘Ego
341 2542 417 2589 quum
429 2526 509 2588 genui,
521 2523 573 2573 tdm
584 2527 729 2575 moriturum
741 2524 808 2582 scivi,
819 2534 843 2575 et
854 2528 875 2575 ei
887 2528 921 2575 rei
933 2526 1028 2575 sdstuli.

277 2597 533 2658 PreteressdTrthm
541 2611 617 2658 quum
625 2597 681 2643 misi
688 2597 718 2643 ob
725 2598 898 2646 defendendum
903 2598 1033 2653 Greeianr,

278 2664 369 2715 scibam
380 2681 419 2713 me
430 2666 455 2713 in
466 2663 616 2713 mortiferum
626 2665 726 2723 bellum,
737 2665 788 2714 ndu
797 2668 823 2714 in
835 2668 918 2729 epulus
929 2665 1031 2713 mittere.

280 2765 355 2820 xiv.
373 2765 439 2819 Hee
455 2763 536 2834 igitur
552 2763 734 2834 praemeditatio
752 2765 897 2819 futurorum
913 2764 1079 2817 mmmmm

243 2842 308 2897 lenit
320 2858 406 2895 eorum
418 2839 562 2907 adrentum,
573 2858 631 2913 que
641 2840 867 2909 senientiutonge
876 2841 943 2892 unm
949 2834 1066 2887 esuum.
