2634 3367
330 220 577 231 -——-—.

310 396 340 443 86
449 390 962 442 TUSCULAN.DISPUTAT10NUM

310 502 345 556 sit
362 501 477 567 effeetus,
495 519 554 556 eum
571 499 700 555 dominum
718 518 774 555 esse
791 518 874 554 rerum
893 517 996 554 suarum
1014 501 1102 555 vetant

311 577 443 632 duodecim
466 576 568 631 tabulae.
604 576 697 646 Itaque
720 580 832 630 nonest
856 576 986 645 seriptum,
1011 592 1037 630 s1
1061 593 1103 630 lu-

311 669 405 719 amus,
423 651 468 707 sed
485 668 511 706 ει
529 668 662 707 rumosas
681 668 766 707 namn.
803 651 942 706 stultitiam
962 652 1028 706 enim
1046 669 1103 706 een-

311 731 425 793 suerunt,
444 728 588 782 onustantia
602 727 629 781 id
644 731 685 782 est
701 728 810 782 sanitate
821 730 960 791 vacantem,
973 745 1048 797 posse
1063 732 1103 781 ta·

311 822 370 859 meu
381 803 449 859 tueri
465 803 666 859 mediocritatem
677 804 815 859 officiorum
827 808 854 859 et
869 803 928 858 vita
944 820 1102 857 communem

311 879 410 935 cultum
423 884 499 951 atque
511 879 642 933 usitatum.
677 879 799 934 Furorem
811 883 896 933 autem
909 896 965 934 esse
976 878 1026 933 rati
1042 881 1103 933 sunt

311 955 404 1009 mentis
422 954 454 1009 ad
471 954 556 1009 omnia
572 955 720 1009 eaecitatem.
757 954 831 1020 Quod
848 972 926 1025 quum
944 957 1027 1023 majus
1046 972 1103 1009 esse

312 1030 436 1096 videatur,
455 1049 530 1101 quam
548 1030 653 1095 insania,
672 1035 759 1085 tamen
777 1030 900 1100 ejusmodi
917 1034 965 1095 est,
983 1033 1014 1084 ut
1031 1029 1103 1084 furor

310 1107 339 1162 in
350 1107 489 1177 sapientem
499 1106 588 1163 endere
600 1106 688 1177 possit,
699 1124 751 1160 uon
762 1106 842 1175 possit
854 1106 958 1160 insania
986 1103 1037 1159 Sed
1048 1104 1102 1159 hae

312 1183 361 1238 alia
373 1181 480 1254 quaestio
491 1186 539 1238 est.
574 1182 631 1237 Nos
643 1182 677 1237 ad
688 1182 845 1253 propositum
858 1185 1022 1236 revertamur.

275 1273 304 1318 12
347 1259 396 1314 VI.
415 1259 519 1325 Cadere,
537 1258 634 1328 opinor,
653 1257 680 1313 in
701 1257 839 1327 sapientem
860 1256 1035 1328 aegritudinem
1053 1254 1103 1311 tibi

312 1334 401 1389 dixisti
411 1334 499 1390 videri.
530 1336 562 1389 Δ.
574 1334 610 1388 'ut
622 1351 682 1388 vero
698 1333 736 1388 ita
747 1332 872 1388 existimo.
902 1334 941 1386 M.
954 1334 1102 1400 Humanum

311 1410 338 1464 id
356 1409 465 1481 quidem,
484 1408 552 1481 quod
569 1410 607 1463 ita
623 1408 761 1463 existimas.
797 1408 858 1463 Non
874 1407 940 1462 enim
958 1406 1028 1461 silice
1048 1406 1103 1462 nati

310 1503 413 1539 sumunt
432 1483 477 1539 sed
488 1489 528 1538 est
543 1487 635 1538 natura
646 1484 701 1538 fere
712 1484 738 1538 in
750 1483 839 1538 animis
854 1487 968 1538 tenerum
982 1482 1102 1553 quiddam

311 1564 388 1630 etque
397 1558 478 1623 molle,
487 1557 555 1628 qnod
563 1558 714 1628 aegritudine
724 1560 796 1629 quasi
804 1562 955 1629 tempestate
965 1558 1102 1629 quatiatur.

311 1633 368 1688 Neo
380 1632 489 1688 absurde
501 1635 608 1687 Crantor
620 1633 670 1698 ille,
684 1634 728 1705 qui
739 1634 766 1688 in
777 1638 865 1689 nostra
877 1634 1013 1689 Apodemio
1024 1633 1064 1688 vel
1075 1634 1103 1689 in

311 1709 398 1778 primis
418 1709 468 1763 fuit
489 1708 586 1775 nobilis,
606 1708 722 1773 Minime,
742 1709 832 1780 inquit,
852 1710 978 1766 assentior
997 1710 1036 1774 iis,
1058 1710 1103 1780 qui

311 1784 386 1839 istem
403 1784 489 1839 neseio
507 1801 582 1856 quam
599 1783 763 1838 indolentiam
781 1803 872 1856 magno
889 1803 965 1855 opere
982 1785 1102 1840 laudant:

311 1878 367 1931 que
382 1878 430 1916 nee
446 1864 531 1930 potest
547 1858 599 1914 ulla
610 1878 666 1915 esse
684 1878 731 1915 nee
742 1859 824 1915 debet.
860 1861 902 1916 Ne
918 1866 1029 1931 agnotus
1046 1861 1102 1929 sim,

310 1936 408 2009 inquit:
430 1937 477 2003 sin,
499 1937 529 2005 is,
547 1936 591 2007 qui
612 1935 704 2001 iuerat,
726 1954 815 1991 sensus
833 1936 907 2001 adsit,
928 1937 981 1991 sive
1001 1941 1103 1991 secetur

312 2013 381 2085 qnid,
393 2013 446 2069 sive
462 2012 612 2069 avellatura
627 2030 739 2083 eorpore.
775 2012 842 2067 Nam
858 2012 925 2067 istuc
943 2013 1004 2067 nihil
1017 2013 1102 2068 dolere

312 2107 363 2144 uon
375 2090 430 2145 siue
447 2108 539 2161 magna
554 2087 668 2144 meroede
680 2087 813 2159 contingit,
830 2087 994 2143 immanitatis
1010 2088 1038 2143 in
1049 2089 1103 2143 ani-

274 2176 303 2222 13
312 2183 360 2230 mo,
374 2166 485 2236 stuporis
497 2166 525 2219 in
536 2182 648 2234 corpore.
680 2164 731 2219 Sed
741 2164 878 2228 videamus,
891 2182 938 2218 neo
954 2165 1008 2218 haee
1020 2165 1102 2219 oratio

310 2240 345 2293 sit
357 2240 486 2294 hominum
499 2240 680 2294 assentantium
693 2243 788 2295 nostrae
804 2238 968 2294 imbecillitati
982 2244 1007 2294 et
1020 2239 1101 2295 indul·

310 2316 425 2384 gentium
443 2314 611 2369 mollitudini:
628 2333 675 2369 nos
694 2320 779 2370 autem
797 2314 933 2370 audeamus
951 2334 1002 2369 non
1019 2316 1097 2369 solum

310 2406 393 2443 ramos
409 2393 540 2458 amputare
555 2389 721 2454 miseriarum,
734 2391 779 2446 sed
794 2408 881 2445 omues
897 2390 1010 2445 radicum
1026 2390 1092 2446 libau

309 2463 423 2519 evellere.
458 2463 554 2518 Tamen
567 2463 663 2535 aliquid
678 2464 835 2536 relinquetur
846 2466 969 2521 fortasse:
988 2467 1025 2521 ita
1041 2485 1087 2521 suu

309 2538 367 2593 altae
384 2538 477 2609 stirpes
494 2537 626 2604 stultitiae3
645 2539 691 2594 sed
707 2540 864 2611 relinquetur
881 2540 908 2595 id
925 2542 1014 2606 solum,
1033 2560 1082 2612 quo

308 2613 358 2668 erit
370 2613 547 2669 necessarium.
582 2613 649 2669 Illud
658 2615 763 2685 ¹quidem
775 2616 812 2671 sio
824 2616 923 2680 habeto,
936 2617 985 2671 uisi
998 2622 1077 2671 sanati

308 2689 407 2743 animus
419 2690 461 2755 sit,
474 2688 542 2759 quod
553 2689 608 2744 sine
622 2690 781 2761 philosophia
792 2691 846 2745 lieri
857 2709 909 2746 non
921 2697 1014 2762 potest,
1027 2693 1073 2747 fine

305 2764 466 2819 miseriarum
482 2764 580 2819 nullum
594 2764 657 2820 fore.
694 2765 874 2830 Quamobrem,
891 2767 1010 2837 quoniam
1026 2784 1068 2821 one

288 2854 358 2903 mus,
374 2840 510 2897 tradamus
521 2860 572 2899 nos
584 2840 608 2899 ei
621 2840 764 2899 euraudus:
781 2840 933 2905 sanabimur,
945 2843 967 2896 si
979 2842 1064 2896 volem·

270 2906 491 2988 Eingmdiu
501 2920 614 2996 quidem
627 2920 756 2996 longius:
770 2934 829 2975 uon
838 2917 910 2973 enim
918 2916 951 2970 de
961 2917 1060 2984 aegium
