2634 3367
269 344 301 390 24
405 338 917 390 TuschAn.nlsPUrA'r10NUM

270 468 345 522 posse
362 448 453 516 dicere,
472 450 539 506 uude
557 453 676 505 concreta
696 454 723 504 et
744 466 796 519 quo
816 446 892 503 modo
909 446 977 501 iacta
993 445 1060 500 siut:

270 526 381 581 animum
393 526 485 595 ipsum,
496 526 520 580 si
536 525 600 579 nihil
615 529 683 580 esset
699 524 726 579 in
738 541 776 591 eo,
787 523 836 578 nisi
853 522 888 588 id,
900 526 931 577 ut
947 540 991 592 per
1003 539 1061 576 eum

270 602 420 668 viveremus,
432 605 485 657 tam
501 610 593 655 natura
611 603 726 670 putarem
743 599 851 654 hominis
869 599 947 653 ritum
964 600 1062 652 susten·

270 677 327 741 tari,
341 694 415 748 quem
434 676 501 742 ritis,
513 694 590 745 quam
608 676 713 731 arboris.
748 676 813 730 Haeo
830 675 897 729 enim
913 673 990 729 etiam
1001 673 1063 728 dici·

215 796 225 815 ,
271 770 328 806 mus
339 752 432 807 rivere.
470 753 536 806 Item
548 752 571 806 si
582 751 645 806 nihil
656 752 761 807 heberet
773 752 871 805 animus
883 749 999 814 hominis,
1013 748 1062 803 nisi

272 832 302 882 ut
315 830 447 898 appeteret
459 832 505 884 ent
516 827 653 897 refugeret,
667 826 694 882 id
706 841 806 897 quoque
815 828 883 881 esset
895 826 919 880 ei
930 840 1062 880 commune

232 913 262 963 17
271 920 330 957 oum
347 902 444 957 bestiis.
480 903 569 958 Habet
586 903 695 973 primum
716 902 868 968 memoriam,
886 904 913 955 et
934 917 989 956 eam
1006 900 1062 954 infi-

271 978 351 1040 nitam
374 997 459 1033 rerum
482 977 713 1033 innumerabilium.
753 977 838 1035 Quam
862 975 964 1048 quidem
987 975 1062 1030 Plato

271 1054 471 1109 recordationem
486 1072 543 1110 esse
558 1054 616 1110 vult
634 1053 771 1124 superioris
788 1052 854 1108 vitre.
889 1052 958 1106 Nam
974 1050 1002 1105 in
1018 1050 1062 1107 illo

271 1130 343 1198 libro,
360 1131 404 1201 qui
422 1129 570 1186 inscribitur
587 1130 693 1194 Menon,
712 1129 843 1199 pusionem
862 1126 994 1199 quemdem
1016 1128 1063 1181 So-

271 1211 354 1261 crates
377 1207 519 1277 interrogat
542 1206 657 1278 quedem
681 1204 835 1276 geometrica
855 1202 887 1258 de
908 1202 1062 1257 dimensione

272 1282 396 1350 quadrati
431 1281 473 1336 Ad
484 1298 515 1336 ee
530 1281 567 1337 sic
584 1281 627 1336 ille
638 1280 782 1351 respondet,
795 1282 825 1334 ut
840 1296 920 1349 puer:
938 1279 1062 1332 ettamen

271 1357 308 1410 ita
320 1357 405 1412 faciles
417 1357 629 1426 interrogationes
641 1361 710 1422 suut,
723 1360 753 1410 ut
770 1354 894 1426 gradatim
907 1352 1062 1423 respondens

271 1432 360 1487 codem
371 1432 509 1501 perveniat,
522 1449 581 1502 quo,
594 1432 617 1486 si
628 1432 786 1502 geometrica
797 1430 934 1485 didicisset.
959 1428 999 1483 Ex
1011 1446 1062 1499 quc

271 1506 335 1561 effici
347 1506 402 1561 vult
415 1507 541 1574 Socrates,
552 1510 583 1560 ut
595 1505 692 1561 discere
708 1506 772 1560 nihil
783 1505 852 1560 atiud
864 1506 907 1573 sit,
918 1504 967 1559 nisi
980 1522 1063 1559 reeor-

271 1581 333 1636 dari.
369 1581 454 1642 Quem
465 1582 549 1636 locum
566 1581 646 1636 multo
658 1582 736 1637 etiem
752 1580 894 1636 accuratius
910 1579 1019 1651 explicat
1035 1580 1063 1635 in

271 1674 301 1712 eo
319 1674 441 1721 sermone,
460 1675 536 1727 quem
552 1655 641 1711 habuit
662 1675 692 1712 eo
710 1657 766 1727 ipso
783 1657 831 1721 die,
850 1673 901 1726 quo
919 1656 1030 1711 excessit
1048 1673 1063 1711 c

270 1732 339 1787 rite:
362 1731 437 1787 docet
456 1732 531 1797 euim,
550 1733 672 1804 quemvis,
692 1733 736 1803 qui
756 1732 868 1787 omnium
887 1749 971 1786 rerum
991 1731 1062 1786 rudis

271 1824 327 1863 esse
345 1807 468 1873 videatur,
486 1808 551 1863 bene
570 1808 739 1878 interroganti
760 1806 961 1878 respondentem,
981 1806 1063 1861 deols·

270 1900 335 1948 rare,
352 1901 380 1938 se
397 1900 448 1937 non
465 1886 521 1939 tum
536 1883 579 1938 illa
595 1882 699 1952 discere,
716 1883 761 1939 sed
776 1882 959 1939 reminiscendo
974 1900 1063 1953 recog-

270 1976 390 2015 noscere:
412 1978 458 2016 uce
476 1978 536 2017 vero
552 1959 607 2015 deri
627 1960 772 2016 ullomodo
792 1978 874 2031 posse,
893 1963 923 2014 ut
944 1960 1062 2029 apuaris

272 2038 313 2090 tot
329 2054 413 2091 rerum
430 2040 507 2107 atque
522 2038 651 2091 tantarum
669 2036 759 2093 insitas
770 2040 797 2091 et
814 2034 886 2107 quasi
902 2035 1063 2104 consignatas

271 2110 299 2164 in
310 2112 399 2167 animis
415 2111 539 2175 notiones,
553 2130 615 2183 ques
628 2116 718 2169 instas
730 2115 828 2177 vocent,
842 2110 999 2175 haberemus,
1013 2110 1063 2165 nisi

271 2186 378 2251 animus,
395 2190 530 2257 antequam
546 2188 573 2241 in
584 2205 677 2257 corpus
692 2187 846 2251 intravisset,
863 2186 891 2240 iu
902 2204 986 2240 rerum
1003 2202 1064 2254 cog-

232 2261 368 2317 unitione
388 2261 519 2330 viguisset.
556 2262 696 2332 Quumque
715 2262 779 2317 nihil
798 2265 874 2327 esset,
895 2263 925 2315 ut
946 2260 1063 2315 omnibus

271 2335 333 2390 locis
351 2354 367 2390 a
384 2335 490 2391 Platone
509 2337 650 2403 disseritur,
670 2337 745 2405 (nihil
762 2338 828 2392 enim
845 2337 887 2392 ille
905 2338 980 2407 putet
998 2353 1061 2401 esse,

272 2411 339 2481 quod
351 2411 448 2466 oriatur
459 2416 486 2467 et
497 2412 614 2478 intereat,
626 2411 703 2483 idque
715 2412 794 2467 solum
807 2430 871 2478 esse,
883 2411 951 2482 quod
964 2430 1064 2483 semper

271 2486 323 2542 tale
338 2486 381 2551 sit,
394 2487 467 2558 quale
479 2491 543 2541 ἰδέαν
555 2486 664 2557 appellat
680 2488 730 2554 ille,
743 2506 789 2544 nos
801 2491 904 2560 speeiem
915 2490 937 2558 :)
955 2506 1006 2543 non
1018 2506 1064 2556 po·

271 2562 323 2617 tuit
334 2562 433 2617 enimus
445 2564 499 2617 hae
511 2562 538 2616 in
549 2579 654 2633 corpore
667 2563 778 2620 inclusus
790 2582 941 2635 agnoscere:
961 2565 1065 2635 cognite

272 2637 368 2694 attulit.
403 2638 445 2692 Ex
462 2655 513 2708 quo
530 2641 583 2691 tam
600 2639 737 2695 multarum
753 2658 837 2696 rernm
850 2640 1002 2710 cognitionis
1019 2640 1064 2694 ad·

272 2713 372 2768 mietio
387 2713 494 2768 tollitur.
531 2714 623 2784 Neque
640 2733 671 2770 ea
686 2716 761 2786 plane
776 2714 845 2770 ridet
863 2717 969 2779 animm,
985 2734 1064 2786 quum

256 2793 372 2865 sepem
389 2790 420 2842 in
442 2794 495 2843 tam
514 2789 646 2845 insolitum
666 2794 768 2862 tamque
788 2790 964 2861 perturbatum
983 2791 1064 2845 domi-

239 2856 334 2909 01b'11m
345 2862 521 2935 rirrmrgrarit,
533 2865 589 2937 sed,
600 2886 685 2941 quum
694 2886 723 2926 se
734 2866 841 2940 cciiegit
852 2867 1070 2937 atsuereereauit,

181 3056 199 3108 i
