2634 3367
254 333 301 382 lu
388 333 583 384 TUSCULAN.
602 334 904 390 msaunhnlouuar

446 859 594 920 urana
631 857 860 936 ouranos.

271 1159 459 1209 VIRTUTEM
477 1159 525 1208 Aa
544 1159 660 1208 BEATE
676 1158 877 1209 VIVENDUM
894 1161 938 1210 SE
957 1161 1033 1211 lusu

485 1241 569 1289 ESSE
587 1240 819 1288 CONTENTAM.

234 1509 248 1558 l
293 1504 314 1557 1.
334 1503 462 1563 Qumrus
482 1502 524 1559 hio
544 1502 606 1570 dics,
626 1503 715 1569 Brute,
733 1502 808 1557 finem
829 1502 908 1559 faciet
928 1503 1044 1571 Tuscula·

257 1597 346 1633 narum
366 1578 582 1647 disputationum:
602 1579 646 1652 qui
667 1579 707 1634 dio
727 1583 768 1633 est
785 1596 802 1633 a
822 1579 896 1635 nobis
913 1598 947 1636 ea
963 1581 995 1638 dc
1011 1597 1044 1645 rc,

233 1671 333 1727 aquam
345 1658 375 1709 tn
387 1673 419 1709 ex
430 1654 546 1710 omnibus
558 1656 666 1711 maxime
679 1654 777 1727 probas,
790 1654 961 1725 disputatum.
991 1658 1044 1713 Pia·

257 1749 315 1786 cerc
326 1730 392 1785 enim
405 1729 453 1785 tibi
464 1729 598 1785 admodum
611 1732 687 1797 sensi,
700 1736 727 1786 et
744 1748 777 1785 ex
794 1749 825 1786 co
840 1731 914 1797 libro,
928 1752 1004 1805 quem
1016 1731 1046 1787 ad

260 1826 299 1863 me
318 1806 505 1863 accuratissime
529 1807 660 1877 scripsisti,
683 1811 710 1862 et
730 1825 761 1862 ex
783 1807 872 1862 multis
892 1810 1046 1865 sermonibus

258 1884 319 1951 tuis,
331 1885 453 1940 virtutem
472 1882 504 1938 ad
519 1882 593 1938 beate
605 1883 741 1938 vivendum
756 1901 784 1937 se
803 1883 860 1953 ipsa
875 1902 933 1940 osso
949 1889 1047 1941 conten·

258 1966 319 2016 tam.
356 1959 431 2027 Quod
442 1960 491 2015 etsi
507 1959 606 2015 difficile
618 1964 658 2014 est
670 1959 786 2030 probatu,
800 1964 906 2030 propter
918 1964 973 2015 tam
984 1962 1050 2016 varia

258 2041 285 2091 et
306 2041 359 2092 tam
379 2037 460 2092 multa
478 2040 605 2090 tormenta
624 2035 749 2089 fortunae:
774 2035 826 2089 talc
846 2041 933 2090 tamen
956 2041 1004 2101 est,
1021 2039 1049 2089 ut

258 2111 435 2168 elaborandum
449 2113 491 2177 sit,
505 2130 555 2183 quo
568 2110 666 2165 facilins
679 2110 808 2181 probetur.
846 2110 920 2165 Nihil
931 2116 973 2165 est
985 2111 1049 2166 enirn

258 2189 379 2252 omnium,
392 2207 448 2258 quae
468 2190 496 2241 in
514 2187 674 2257 philosophia
693 2190 845 2250 tractantur,
862 2186 930 2257 qnod
950 2188 1050 2257 maius

259 2264 512 2334 magnificentiusque
531 2261 637 2317 dicatur.
674 2262 843 2332 Numquam
861 2279 892 2316 ea
912 2280 991 2317 causo
1007 2263 1052 2317 im·

259 2337 352 2407 pulerit
364 2355 415 2402 eos,
430 2338 474 2407 qui
486 2338 561 2407 primi
573 2356 600 2393 se
613 2337 645 2392 ad
660 2338 824 2408 philosophia
837 2336 950 2391 studium
964 2343 1052 2392 contu-

258 2412 351 2476 lerunt,
364 2416 402 2476 ut,
418 2412 535 2467 omnibus
553 2412 629 2468 rebus
648 2413 807 2483 posthabitis,
825 2418 894 2467 totos
914 2431 943 2467 se
964 2413 993 2468 in
1010 2431 1052 2483 op·

259 2489 323 2543 timo
340 2488 399 2542 vitae
420 2490 492 2542 statu
513 2489 668 2559 exquirendo
687 2490 855 2554 collocarent3
874 2488 990 2558 profecto
1008 2506 1051 2559 spa

260 2564 334 2619 beate
353 2562 454 2618 vivendi
474 2566 572 2617 tantam
594 2564 620 2618 in
639 2582 670 2618 eo
688 2564 773 2620 studio
793 2581 878 2618 curam
900 2581 1052 2636 operamque

260 2644 407 2712 posuerunt.
445 2638 523 2698 Quod
542 2639 565 2695 si
584 2639 663 2693 abiis
681 2640 785 2695 inventa
800 2643 827 2694 et
843 2638 957 2708 perfecta
971 2641 1051 2695 virtus

261 2722 308 2782 est,
326 2723 353 2772 et
371 2717 393 2771 si
412 2715 523 2786 praesidii
542 2716 574 2770 ad
593 2715 667 2770 beate
683 2715 819 2770 vivendum
835 2716 860 2769 in
877 2715 975 2771 virtute
991 2716 1052 2771 satis

250 2798 310 2850 est:
328 2793 447 2870 quiscat,
463 2792 508 2870 qui
524 2811 579 2851 non
594 2790 716 2867 praeiere
733 2796 761 2845 et
773 2790 807 2844 ab
815 2790 868 2843 'ritis
876 2790 986 2858 positam
1000 2796 1052 2847 eta

234 2873 317 2932 nobis
326 2881 487 2953 susceptam
499 2893 608 2954 opernm
621 2864 829 2947 phiiosophanbi
836 2863 994 2917 arbitraturi
1017 2865 1069 2913 aas
