<?xml version="1.0" encoding="UTF-8"?>
<!DOCTYPE html PUBLIC "-//W3C//DTD XHTML 1.0 Transitional//EN"
    "http://www.w3.org/TR/xhtml1/DTD/xhtml1-transitional.dtd">
<html xmlns="http://www.w3.org/1999/xhtml" xml:lang="en" lang="en">
 <head>
  <title>
</title>
<meta http-equiv="Content-Type" content="text/html;charset=utf-8" />
  <meta name='ocr-system' content='tesseract 3.04.00' />
  <meta name='ocr-capabilities' content='ocr_page ocr_carea ocr_par ocr_line ocrx_word'/>
</head>
<body>
  <div class='ocr_page' id='page_1' title='image "./mtulliiciceroni09cicegoog/mtulliiciceroni09cicegoog_0193.png"; bbox 0 0 2634 3367; ppageno 0'>
   <div class='ocr_carea' id='block_1_1' title="bbox 366 344 935 396">
    <p class='ocr_par' dir='ltr' id='par_1_1' title="bbox 366 344 935 396">
     <span class='ocr_line' id='line_1_1' title="bbox 366 344 935 396; baseline 0.005 -3"><span class='ocrx_word' id='word_1_1' title='bbox 366 344 435 393; x_wconf 85' lang='lat' dir='ltr'>LlB.</span> <span class='ocrx_word' id='word_1_2' title='bbox 452 345 482 393; x_wconf 85' lang='lat' dir='ltr'>V.</span> <span class='ocrx_word' id='word_1_3' title='bbox 502 345 577 393; x_wconf 83' lang='lat' dir='ltr'>CAP.</span> <span class='ocrx_word' id='word_1_4' title='bbox 594 347 698 395; x_wconf 75' lang='lat'>80-82.</span> <span class='ocrx_word' id='word_1_5' title='bbox 888 346 935 396; x_wconf 74' lang='grc'>187</span> 
     </span>
    </p>
   </div>
   <div class='ocr_carea' id='block_1_2' title="bbox 210 454 964 2964">
    <p class='ocr_par' dir='ltr' id='par_1_2' title="bbox 210 454 927 527">
     <span class='ocr_line' id='line_1_2' title="bbox 210 454 927 527; baseline 0.001 -18"><span class='ocrx_word' id='word_1_6' title='bbox 210 458 245 521; x_wconf 82' lang='lat' dir='ltr'>te,</span> <span class='ocrx_word' id='word_1_7' title='bbox 257 472 309 510; x_wconf 91' lang='lat' dir='ltr'>non</span> <span class='ocrx_word' id='word_1_8' title='bbox 325 455 407 510; x_wconf 86' lang='lat' dir='ltr'>aolum</span> <span class='ocrx_word' id='word_1_9' title='bbox 422 455 445 511; x_wconf 88' lang='lat' dir='ltr'>ai</span> <span class='ocrx_word' id='word_1_10' title='bbox 460 454 572 527; x_wconf 89' lang='lat' dir='ltr'>undique</span> <span class='ocrx_word' id='word_1_11' title='bbox 587 456 682 512; x_wconf 81' lang='lat' dir='ltr'>referte</span> <span class='ocrx_word' id='word_1_12' title='bbox 697 454 770 511; x_wconf 83' lang='lat' dir='ltr'>bouie</span> <span class='ocrx_word' id='word_1_13' title='bbox 786 458 833 523; x_wconf 87' lang='lat' dir='ltr'>eat,</span> <span class='ocrx_word' id='word_1_14' title='bbox 846 454 891 511; x_wconf 86' lang='lat' dir='ltr'>aed</span> <span class='ocrx_word' id='word_1_15' title='bbox 906 456 927 510; x_wconf 84' lang='lat' dir='ltr'>ri</span> 
     </span>
    </p>

    <p class='ocr_par' dir='ltr' id='par_1_3' title="bbox 210 530 964 1207">
     <span class='ocr_line' id='line_1_3' title="bbox 210 530 925 603; baseline -0.001 -17"><span class='ocrx_word' id='word_1_16' title='bbox 210 551 216 586; x_wconf 77' lang='lat' dir='ltr'>r</span> <span class='ocrx_word' id='word_1_17' title='bbox 236 532 330 602; x_wconf 87' lang='lat' dir='ltr'>majore</span> <span class='ocrx_word' id='word_1_18' title='bbox 348 534 375 587; x_wconf 91' lang='lat' dir='ltr'>et</span> <span class='ocrx_word' id='word_1_19' title='bbox 395 531 511 601; x_wconf 80' lang='lat' dir='ltr'>graviore</span> <span class='ocrx_word' id='word_1_20' title='bbox 531 550 564 587; x_wconf 85' lang='lat' dir='ltr'>ex</span> <span class='ocrx_word' id='word_1_21' title='bbox 581 536 655 603; x_wconf 85' lang='lat' dir='ltr'>parte</span> <span class='ocrx_word' id='word_1_22' title='bbox 674 530 742 587; x_wconf 88' lang='lat' dir='ltr'>bona</span> <span class='ocrx_word' id='word_1_23' title='bbox 758 530 925 602; x_wconf 89' lang='lat' dir='ltr'>propendent,</span> 
     </span>
     <span class='ocr_line' id='line_1_4' title="bbox 219 606 964 679; baseline -0.003 -16"><span class='ocrx_word' id='word_1_24' title='bbox 219 610 288 663; x_wconf 85' lang='lat' dir='ltr'>reete</span> <span class='ocrx_word' id='word_1_25' title='bbox 300 606 351 661; x_wconf 85' lang='lat' dir='ltr'>diei</span> <span class='ocrx_word' id='word_1_26' title='bbox 366 609 459 677; x_wconf 78' lang='lat' dir='ltr'>potent.</span> <span class='ocrx_word' id='word_1_27' title='bbox 496 608 625 679; x_wconf 76' lang='lat' dir='ltr'>Sequetur</span> <span class='ocrx_word' id='word_1_28' title='bbox 634 608 715 679; x_wconf 73' lang='lat' dir='ltr'>igitur</span> <span class='ocrx_word' id='word_1_29' title='bbox 726 608 817 663; x_wconf 89' lang='lat' dir='ltr'>horum</span> <span class='ocrx_word' id='word_1_30' title='bbox 828 607 964 663; x_wconf 70' lang='lat' dir='ltr'>rationes?</span> 
     </span>
     <span class='ocr_line' id='line_1_5' title="bbox 210 680 926 753; baseline 0.001 -16"><span class='ocrx_word' id='word_1_31' title='bbox 210 680 223 737; x_wconf 85' lang='lat' dir='ltr'>l</span> <span class='ocrx_word' id='word_1_32' title='bbox 238 681 389 752; x_wconf 79' lang='lat' dir='ltr'>supplicium</span> <span class='ocrx_word' id='word_1_33' title='bbox 406 681 481 737; x_wconf 79' lang='lat' dir='ltr'>beate</span> <span class='ocrx_word' id='word_1_34' title='bbox 496 682 550 737; x_wconf 82' lang='lat' dir='ltr'>rita</span> <span class='ocrx_word' id='word_1_35' title='bbox 567 684 697 748; x_wconf 86' lang='lat' dir='ltr'>virtutem,</span> <span class='ocrx_word' id='word_1_36' title='bbox 709 700 818 753; x_wconf 87' lang='lat' dir='ltr'>eumque</span> <span class='ocrx_word' id='word_1_37' title='bbox 833 700 866 738; x_wconf 82' lang='lat' dir='ltr'>ee</span> <span class='ocrx_word' id='word_1_38' title='bbox 882 683 926 738; x_wconf 91' lang='lat' dir='ltr'>de·</span> 
     </span>
     <span class='ocr_line' id='line_1_6' title="bbox 210 757 924 829; baseline 0 -17"><span class='ocrx_word' id='word_1_39' title='bbox 210 760 237 813; x_wconf 92' lang='lat' dir='ltr'>et</span> <span class='ocrx_word' id='word_1_40' title='bbox 259 757 289 813; x_wconf 90' lang='lat' dir='ltr'>iu</span> <span class='ocrx_word' id='word_1_41' title='bbox 311 761 421 822; x_wconf 82' lang='lat' dir='ltr'>taurum,</span> <span class='ocrx_word' id='word_1_42' title='bbox 439 758 586 824; x_wconf 79' lang='lat' dir='ltr'>Aristotele,</span> <span class='ocrx_word' id='word_1_43' title='bbox 605 758 756 824; x_wconf 72' lang='lat' dir='ltr'>Xenocrate,</span> <span class='ocrx_word' id='word_1_44' title='bbox 776 758 924 829; x_wconf 72' lang='lat' dir='ltr'>Speusippo,</span> 
     </span>
     <span class='ocr_line' id='line_1_7' title="bbox 210 832 924 899; baseline 0.004 -12"><span class='ocrx_word' id='word_1_45' title='bbox 210 849 270 889; x_wconf 80' lang='lat' dir='ltr'>ioue</span> <span class='ocrx_word' id='word_1_46' title='bbox 287 832 441 899; x_wconf 73' lang='lat' dir='ltr'>auctoribus,</span> <span class='ocrx_word' id='word_1_47' title='bbox 456 850 504 889; x_wconf 88' lang='lat' dir='ltr'>neo</span> <span class='ocrx_word' id='word_1_48' title='bbox 521 851 577 889; x_wconf 89' lang='lat' dir='ltr'>eam</span> <span class='ocrx_word' id='word_1_49' title='bbox 592 834 667 889; x_wconf 88' lang='lat' dir='ltr'>minia</span> <span class='ocrx_word' id='word_1_50' title='bbox 685 838 730 890; x_wconf 88' lang='lat' dir='ltr'>aut</span> <span class='ocrx_word' id='word_1_51' title='bbox 746 833 924 890; x_wconf 72' lang='lat' dir='ltr'>blandimentis</span> 
     </span>
     <span class='ocr_line' id='line_1_8' title="bbox 210 908 924 982; baseline 0.001 -19"><span class='ocrx_word' id='word_1_52' title='bbox 210 912 252 979; x_wconf 89' lang='lat' dir='ltr'>pta</span> <span class='ocrx_word' id='word_1_53' title='bbox 267 908 375 965; x_wconf 88' lang='lat' dir='ltr'>deaeret.</span> <span class='ocrx_word' id='word_1_54' title='bbox 410 908 506 964; x_wconf 76' lang='lat' dir='ltr'>Eadem</span> <span class='ocrx_word' id='word_1_55' title='bbox 522 909 688 980; x_wconf 76' lang='lat' dir='ltr'>Calliphontia</span> <span class='ocrx_word' id='word_1_56' title='bbox 703 910 753 965; x_wconf 91' lang='lat' dir='ltr'>erit</span> <span class='ocrx_word' id='word_1_57' title='bbox 768 908 924 982; x_wconf 84' lang='lat' dir='ltr'>Diodorique</span> 
     </span>
     <span class='ocr_line' id='line_1_9' title="bbox 210 984 923 1057; baseline 0.001 -17"><span class='ocrx_word' id='word_1_58' title='bbox 210 985 274 1040; x_wconf 76' lang='lat' dir='ltr'>itia:</span> <span class='ocrx_word' id='word_1_59' title='bbox 288 1002 396 1057; x_wconf 87' lang='lat' dir='ltr'>quorum</span> <span class='ocrx_word' id='word_1_60' title='bbox 405 990 514 1056; x_wconf 89' lang='lat' dir='ltr'>uterque</span> <span class='ocrx_word' id='word_1_61' title='bbox 522 985 682 1041; x_wconf 75' lang='lat' dir='ltr'>honestatem</span> <span class='ocrx_word' id='word_1_62' title='bbox 693 984 730 1041; x_wconf 85' lang='lat' dir='ltr'>eio</span> <span class='ocrx_word' id='word_1_63' title='bbox 739 984 923 1056; x_wconf 86' lang='lat' dir='ltr'>eompleotitur,</span> 
     </span>
     <span class='ocr_line' id='line_1_10' title="bbox 210 1060 923 1133; baseline 0.003 -18"><span class='ocrx_word' id='word_1_64' title='bbox 210 1060 273 1127; x_wconf 83' lang='lat' dir='ltr'>unia,</span> <span class='ocrx_word' id='word_1_65' title='bbox 294 1078 351 1131; x_wconf 74' lang='lat' dir='ltr'>que</span> <span class='ocrx_word' id='word_1_66' title='bbox 371 1060 426 1116; x_wconf 90' lang='lat' dir='ltr'>eine</span> <span class='ocrx_word' id='word_1_67' title='bbox 445 1078 477 1116; x_wconf 80' lang='lat' dir='ltr'>ea</span> <span class='ocrx_word' id='word_1_68' title='bbox 496 1060 557 1125; x_wconf 89' lang='lat' dir='ltr'>aint,</span> <span class='ocrx_word' id='word_1_69' title='bbox 576 1061 652 1133; x_wconf 81' lang='lat' dir='ltr'>louge</span> <span class='ocrx_word' id='word_1_70' title='bbox 671 1064 699 1117; x_wconf 93' lang='lat' dir='ltr'>et</span> <span class='ocrx_word' id='word_1_71' title='bbox 718 1064 788 1117; x_wconf 90' lang='lat' dir='ltr'>retro</span> <span class='ocrx_word' id='word_1_72' title='bbox 807 1061 923 1131; x_wconf 81' lang='lat' dir='ltr'>ponende</span> 
     </span>
     <span class='ocr_line' id='line_1_11' title="bbox 210 1135 922 1207; baseline 0.001 -15"><span class='ocrx_word' id='word_1_73' title='bbox 210 1139 242 1193; x_wconf 84' lang='lat' dir='ltr'>at.</span> <span class='ocrx_word' id='word_1_74' title='bbox 277 1136 380 1207; x_wconf 86' lang='lat' dir='ltr'>Reliqui</span> <span class='ocrx_word' id='word_1_75' title='bbox 392 1135 485 1193; x_wconf 87' lang='lat' dir='ltr'>habere</span> <span class='ocrx_word' id='word_1_76' title='bbox 496 1154 524 1191; x_wconf 87' lang='lat' dir='ltr'>ae</span> <span class='ocrx_word' id='word_1_77' title='bbox 536 1136 655 1193; x_wconf 81' lang='lat' dir='ltr'>ridentur</span> <span class='ocrx_word' id='word_1_78' title='bbox 667 1136 808 1207; x_wconf 76' lang='lat' dir='ltr'>augustiae,</span> <span class='ocrx_word' id='word_1_79' title='bbox 817 1140 922 1193; x_wconf 88' lang='lat' dir='ltr'>enatant</span> 
     </span>
    </p>

    <p class='ocr_par' dir='ltr' id='par_1_4' title="bbox 210 1211 958 1665">
     <span class='ocr_line' id='line_1_12' title="bbox 210 1211 923 1284; baseline 0.001 -16"><span class='ocrx_word' id='word_1_80' title='bbox 210 1230 232 1268; x_wconf 79' lang='lat' dir='ltr'>r:</span> <span class='ocrx_word' id='word_1_81' title='bbox 258 1211 394 1282; x_wconf 84' lang='lat' dir='ltr'>llpieurua,</span> <span class='ocrx_word' id='word_1_82' title='bbox 418 1212 600 1284; x_wconf 73' lang='lat' dir='ltr'>Hieronymus,</span> <span class='ocrx_word' id='word_1_83' title='bbox 623 1216 651 1269; x_wconf 89' lang='lat' dir='ltr'>et</span> <span class='ocrx_word' id='word_1_84' title='bbox 675 1212 697 1268; x_wconf 90' lang='lat' dir='ltr'>ai</span> <span class='ocrx_word' id='word_1_85' title='bbox 720 1211 765 1283; x_wconf 90' lang='lat' dir='ltr'>qui</span> <span class='ocrx_word' id='word_1_86' title='bbox 788 1216 857 1277; x_wconf 86' lang='lat' dir='ltr'>aunt,</span> <span class='ocrx_word' id='word_1_87' title='bbox 878 1214 923 1284; x_wconf 89' lang='lat' dir='ltr'>qul</span> 
     </span>
     <span class='ocr_line' id='line_1_13' title="bbox 210 1286 921 1344; baseline 0 -1"><span class='ocrx_word' id='word_1_88' title='bbox 210 1306 259 1343; x_wconf 82' lang='lat' dir='ltr'>mm</span> <span class='ocrx_word' id='word_1_89' title='bbox 279 1288 350 1343; x_wconf 91' lang='lat' dir='ltr'>illum</span> <span class='ocrx_word' id='word_1_90' title='bbox 372 1287 526 1343; x_wconf 74' lang='lat' dir='ltr'>Carneadem</span> <span class='ocrx_word' id='word_1_91' title='bbox 549 1291 639 1344; x_wconf 85' lang='lat' dir='ltr'>ourent</span> <span class='ocrx_word' id='word_1_92' title='bbox 659 1286 801 1344; x_wconf 78' lang='lat' dir='ltr'>defendere.</span> <span class='ocrx_word' id='word_1_93' title='bbox 837 1287 921 1344; x_wconf 88' lang='lat' dir='ltr'>Nemo</span> 
     </span>
     <span class='ocr_line' id='line_1_14' title="bbox 210 1363 921 1436; baseline 0.001 -17"><span class='ocrx_word' id='word_1_94' title='bbox 210 1364 261 1419; x_wconf 89' lang='lat' dir='ltr'>uim</span> <span class='ocrx_word' id='word_1_95' title='bbox 284 1382 380 1429; x_wconf 84' lang='lat' dir='ltr'>eomm,</span> <span class='ocrx_word' id='word_1_96' title='bbox 403 1364 466 1436; x_wconf 89' lang='lat' dir='ltr'>quin</span> <span class='ocrx_word' id='word_1_97' title='bbox 487 1363 611 1420; x_wconf 89' lang='lat' dir='ltr'>bonorum</span> <span class='ocrx_word' id='word_1_98' title='bbox 634 1364 746 1419; x_wconf 73' lang='lat' dir='ltr'>animum</span> <span class='ocrx_word' id='word_1_99' title='bbox 768 1365 842 1434; x_wconf 91' lang='lat' dir='ltr'>putet</span> <span class='ocrx_word' id='word_1_100' title='bbox 865 1380 921 1420; x_wconf 86' lang='lat' dir='ltr'>eaae</span> 
     </span>
     <span class='ocr_line' id='line_1_15' title="bbox 210 1439 921 1512; baseline -0.001 -16"><span class='ocrx_word' id='word_1_101' title='bbox 210 1458 247 1507; x_wconf 87' lang='lat' dir='ltr'>un,</span> <span class='ocrx_word' id='word_1_102' title='bbox 264 1458 372 1512; x_wconf 84' lang='lat' dir='ltr'>eumque</span> <span class='ocrx_word' id='word_1_103' title='bbox 393 1439 587 1506; x_wconf 85' lang='lat' dir='ltr'>oondooeiaoiat,</span> <span class='ocrx_word' id='word_1_104' title='bbox 606 1443 637 1495; x_wconf 90' lang='lat' dir='ltr'>nt</span> <span class='ocrx_word' id='word_1_105' title='bbox 654 1457 693 1506; x_wconf 87' lang='lat' dir='ltr'>ea,</span> <span class='ocrx_word' id='word_1_106' title='bbox 712 1458 768 1512; x_wconf 83' lang='lat' dir='ltr'>que</span> <span class='ocrx_word' id='word_1_107' title='bbox 785 1440 851 1497; x_wconf 85' lang='lat' dir='ltr'>bonu</span> <span class='ocrx_word' id='word_1_108' title='bbox 869 1457 921 1496; x_wconf 89' lang='lat' dir='ltr'>ma·</span> 
     </span>
     <span class='ocr_line' id='line_1_16' title="bbox 210 1515 958 1587; baseline 0.003 -15"><span class='ocrx_word' id='word_1_109' title='bbox 210 1515 350 1582; x_wconf 82' lang='lat' dir='ltr'>rideantur,</span> <span class='ocrx_word' id='word_1_110' title='bbox 375 1516 457 1587; x_wconf 79' lang='lat' dir='ltr'>poenit</span> <span class='ocrx_word' id='word_1_111' title='bbox 483 1521 652 1572; x_wconf 87' lang='lat' dir='ltr'>oontemnere.</span> <span class='ocrx_word' id='word_1_112' title='bbox 698 1516 766 1572; x_wconf 83' lang='lat' dir='ltr'>Nem</span> <span class='ocrx_word' id='word_1_113' title='bbox 791 1534 847 1587; x_wconf 75' lang='lat' dir='ltr'>qum</span> <span class='ocrx_word' id='word_1_114' title='bbox 871 1516 958 1578; x_wconf 79' lang='lat' dir='ltr'>tibiae</span> 
     </span>
     <span class='ocr_line' id='line_1_17' title="bbox 210 1592 919 1665; baseline 0.003 -17"><span class='ocrx_word' id='word_1_115' title='bbox 210 1592 236 1648; x_wconf 85' lang='lat' dir='ltr'>ri</span> <span class='ocrx_word' id='word_1_116' title='bbox 252 1593 362 1658; x_wconf 86' lang='lat' dir='ltr'>ridetur,</span> <span class='ocrx_word' id='word_1_117' title='bbox 381 1592 468 1647; x_wconf 83' lang='lat' dir='ltr'>eedem</span> <span class='ocrx_word' id='word_1_118' title='bbox 488 1592 538 1648; x_wconf 90' lang='lat' dir='ltr'>erit</span> <span class='ocrx_word' id='word_1_119' title='bbox 561 1592 713 1665; x_wconf 78' lang='lat' dir='ltr'>Hieronymi</span> <span class='ocrx_word' id='word_1_120' title='bbox 735 1596 762 1650; x_wconf 88' lang='lat' dir='ltr'>et</span> <span class='ocrx_word' id='word_1_121' title='bbox 783 1592 919 1650; x_wconf 83' lang='lat' dir='ltr'>Oerneudia</span> 
     </span>
    </p>

    <p class='ocr_par' dir='ltr' id='par_1_5' title="bbox 210 1667 919 2499">
     <span class='ocr_line' id='line_1_18' title="bbox 210 1667 919 1741; baseline 0.003 -17"><span class='ocrx_word' id='word_1_122' title='bbox 210 1709 214 1731; x_wconf 89' lang='lat'>.</span> <span class='ocrx_word' id='word_1_123' title='bbox 231 1672 259 1724; x_wconf 93' lang='lat' dir='ltr'>et</span> <span class='ocrx_word' id='word_1_124' title='bbox 277 1668 361 1724; x_wconf 84' lang='lat' dir='ltr'>hercle</span> <span class='ocrx_word' id='word_1_125' title='bbox 379 1668 492 1724; x_wconf 88' lang='lat' dir='ltr'>omnium</span> <span class='ocrx_word' id='word_1_126' title='bbox 509 1667 670 1740; x_wconf 87' lang='lat' dir='ltr'>reliquorum.</span> <span class='ocrx_word' id='word_1_127' title='bbox 705 1668 772 1730; x_wconf 77' lang='lat' dir='ltr'>Quia</span> <span class='ocrx_word' id='word_1_128' title='bbox 790 1670 857 1726; x_wconf 88' lang='lat' dir='ltr'>euim</span> <span class='ocrx_word' id='word_1_129' title='bbox 875 1687 919 1741; x_wconf 90' lang='lat' dir='ltr'>pa·</span> 
     </span>
     <span class='ocr_line' id='line_1_19' title="bbox 210 1744 918 1814; baseline 0.001 -13"><span class='ocrx_word' id='word_1_130' title='bbox 210 1747 244 1801; x_wconf 71' lang='lat' dir='ltr'>eet</span> <span class='ocrx_word' id='word_1_131' title='bbox 261 1750 351 1801; x_wconf 68' lang='lat' dir='ltr'>oonue</span> <span class='ocrx_word' id='word_1_132' title='bbox 366 1748 475 1800; x_wconf 86' lang='lat' dir='ltr'>mortem</span> <span class='ocrx_word' id='word_1_133' title='bbox 494 1748 539 1800; x_wconf 80' lang='lat' dir='ltr'>eut</span> <span class='ocrx_word' id='word_1_134' title='bbox 556 1744 668 1801; x_wconf 88' lang='lat' dir='ltr'>dolorem</span> <span class='ocrx_word' id='word_1_135' title='bbox 687 1746 810 1814; x_wconf 77' lang='lat' dir='ltr'>paratust</span> <span class='ocrx_word' id='word_1_136' title='bbox 845 1746 918 1802; x_wconf 92' lang='lat' dir='ltr'>Ordi-</span> 
     </span>
     <span class='ocr_line' id='line_1_20' title="bbox 217 1820 918 1893; baseline 0.001 -17"><span class='ocrx_word' id='word_1_137' title='bbox 217 1820 299 1887; x_wconf 86' lang='lat' dir='ltr'>abeo,</span> <span class='ocrx_word' id='word_1_138' title='bbox 312 1821 335 1876; x_wconf 90' lang='lat' dir='ltr'>ai</span> <span class='ocrx_word' id='word_1_139' title='bbox 350 1820 440 1892; x_wconf 82' lang='lat' dir='ltr'>plueet,</span> <span class='ocrx_word' id='word_1_140' title='bbox 454 1838 528 1893; x_wconf 88' lang='lat' dir='ltr'>quem</span> <span class='ocrx_word' id='word_1_141' title='bbox 542 1820 649 1889; x_wconf 87' lang='lat' dir='ltr'>mollem,</span> <span class='ocrx_word' id='word_1_142' title='bbox 662 1838 736 1892; x_wconf 89' lang='lat' dir='ltr'>quem</span> <span class='ocrx_word' id='word_1_143' title='bbox 748 1821 918 1891; x_wconf 87' lang='lat' dir='ltr'>voluptarium</span> 
     </span>
     <span class='ocr_line' id='line_1_21' title="bbox 210 1913 245 1951; baseline 0 0"><span class='ocrx_word' id='word_1_144' title='bbox 210 1913 245 1951; x_wconf 88' lang='lat' dir='ltr'>ua.</span> 
     </span>
     <span class='ocr_line' id='line_1_22' title="bbox 210 1970 916 2029; baseline 0.003 -1"><span class='ocrx_word' id='word_1_145' title='bbox 210 1971 251 2028; x_wconf 80' lang='lat' dir='ltr'>&#39;dl</span> <span class='ocrx_word' id='word_1_146' title='bbox 271 1972 294 2028; x_wconf 87' lang='lat' dir='ltr'>ia</span> <span class='ocrx_word' id='word_1_147' title='bbox 309 1972 358 2029; x_wconf 90' lang='lat' dir='ltr'>tibi</span> <span class='ocrx_word' id='word_1_148' title='bbox 372 1976 512 2028; x_wconf 87' lang='lat' dir='ltr'>mortemue</span> <span class='ocrx_word' id='word_1_149' title='bbox 523 1971 624 2027; x_wconf 87' lang='lat' dir='ltr'>ridetur</span> <span class='ocrx_word' id='word_1_150' title='bbox 635 1988 669 2026; x_wconf 87' lang='lat' dir='ltr'>an</span> <span class='ocrx_word' id='word_1_151' title='bbox 681 1970 791 2026; x_wconf 86' lang='lat' dir='ltr'>dolorem</span> <span class='ocrx_word' id='word_1_152' title='bbox 808 1970 916 2029; x_wconf 79' lang='lat' dir='ltr'>timeret</span> 
     </span>
     <span class='ocr_line' id='line_1_23' title="bbox 210 2046 917 2119; baseline 0.003 -16"><span class='ocrx_word' id='word_1_153' title='bbox 210 2066 247 2103; x_wconf 88' lang='lat' dir='ltr'>uu</span> <span class='ocrx_word' id='word_1_154' title='bbox 262 2048 337 2114; x_wconf 92' lang='lat' dir='ltr'>diem,</span> <span class='ocrx_word' id='word_1_155' title='bbox 350 2066 400 2119; x_wconf 92' lang='lat' dir='ltr'>quo</span> <span class='ocrx_word' id='word_1_156' title='bbox 415 2048 530 2113; x_wconf 83' lang='lat' dir='ltr'>moritur,</span> <span class='ocrx_word' id='word_1_157' title='bbox 544 2047 647 2103; x_wconf 75' lang='lat' dir='ltr'>bertum</span> <span class='ocrx_word' id='word_1_158' title='bbox 663 2046 779 2117; x_wconf 78' lang='lat' dir='ltr'>appellat,</span> <span class='ocrx_word' id='word_1_159' title='bbox 790 2047 917 2105; x_wconf 82' lang='lat' dir='ltr'>maximia·</span> 
     </span>
     <span class='ocr_line' id='line_1_24' title="bbox 210 2123 916 2194; baseline 0.001 -14"><span class='ocrx_word' id='word_1_160' title='bbox 210 2124 327 2180; x_wconf 86' lang='lat' dir='ltr'>loloribua</span> <span class='ocrx_word' id='word_1_161' title='bbox 345 2125 452 2180; x_wconf 78' lang='lat' dir='ltr'>effeetus</span> <span class='ocrx_word' id='word_1_162' title='bbox 471 2141 516 2179; x_wconf 86' lang='lat' dir='ltr'>eoa</span> <span class='ocrx_word' id='word_1_163' title='bbox 538 2124 607 2194; x_wconf 81' lang='lat' dir='ltr'>ipaoa</span> <span class='ocrx_word' id='word_1_164' title='bbox 629 2123 789 2178; x_wconf 83' lang='lat' dir='ltr'>inventorum</span> <span class='ocrx_word' id='word_1_165' title='bbox 812 2140 916 2181; x_wconf 87' lang='lat' dir='ltr'>auorum</span> 
     </span>
     <span class='ocr_line' id='line_1_25' title="bbox 210 2199 916 2270; baseline -0.004 -12"><span class='ocrx_word' id='word_1_166' title='bbox 210 2201 248 2258; x_wconf 74' lang='lat' dir='ltr'>m</span> <span class='ocrx_word' id='word_1_167' title='bbox 258 2204 286 2256; x_wconf 90' lang='lat' dir='ltr'>et</span> <span class='ocrx_word' id='word_1_168' title='bbox 297 2200 470 2257; x_wconf 84' lang='lat' dir='ltr'>reeordatione</span> <span class='ocrx_word' id='word_1_169' title='bbox 481 2200 612 2266; x_wconf 85' lang='lat' dir='ltr'>oonlutat;</span> <span class='ocrx_word' id='word_1_170' title='bbox 629 2217 678 2255; x_wconf 89' lang='lat' dir='ltr'>neo</span> <span class='ocrx_word' id='word_1_171' title='bbox 693 2199 746 2254; x_wconf 77' lang='lat' dir='ltr'>hee</span> <span class='ocrx_word' id='word_1_172' title='bbox 760 2199 797 2255; x_wconf 83' lang='lat' dir='ltr'>aio</span> <span class='ocrx_word' id='word_1_173' title='bbox 810 2199 872 2270; x_wconf 78' lang='lat' dir='ltr'>ugit,</span> <span class='ocrx_word' id='word_1_174' title='bbox 885 2203 916 2256; x_wconf 91' lang='lat' dir='ltr'>nt</span> 
     </span>
     <span class='ocr_line' id='line_1_26' title="bbox 210 2275 916 2351; baseline 0.001 -20"><span class='ocrx_word' id='word_1_175' title='bbox 210 2294 284 2351; x_wconf 73' lang='lat' dir='ltr'>upote</span> <span class='ocrx_word' id='word_1_176' title='bbox 296 2277 368 2349; x_wconf 84' lang='lat' dir='ltr'>quari</span> <span class='ocrx_word' id='word_1_177' title='bbox 379 2276 481 2332; x_wconf 73' lang='lat' dir='ltr'>effutire</span> <span class='ocrx_word' id='word_1_178' title='bbox 492 2276 616 2332; x_wconf 72' lang='lat' dir='ltr'>ridentur.</span> <span class='ocrx_word' id='word_1_179' title='bbox 652 2276 693 2330; x_wconf 88' lang='lat' dir='ltr'>De</span> <span class='ocrx_word' id='word_1_180' title='bbox 704 2278 785 2332; x_wconf 86' lang='lat' dir='ltr'>morte</span> <span class='ocrx_word' id='word_1_181' title='bbox 796 2275 863 2332; x_wconf 89' lang='lat' dir='ltr'>euim</span> <span class='ocrx_word' id='word_1_182' title='bbox 878 2276 916 2333; x_wconf 87' lang='lat' dir='ltr'>itu</span> 
     </span>
     <span class='ocr_line' id='line_1_27' title="bbox 210 2351 913 2423; baseline 0 -14"><span class='ocrx_word' id='word_1_183' title='bbox 210 2357 264 2419; x_wconf 85' lang='lat' dir='ltr'>.nt,</span> <span class='ocrx_word' id='word_1_184' title='bbox 273 2353 396 2409; x_wconf 83' lang='lat' dir='ltr'>diaaolnto</span> <span class='ocrx_word' id='word_1_185' title='bbox 408 2352 541 2417; x_wconf 76' lang='lat' dir='ltr'>mimante,</span> <span class='ocrx_word' id='word_1_186' title='bbox 551 2368 654 2407; x_wconf 76' lang='lat' dir='ltr'>aeneum</span> <span class='ocrx_word' id='word_1_187' title='bbox 666 2351 820 2407; x_wconf 82' lang='lat' dir='ltr'>exstinetam</span> <span class='ocrx_word' id='word_1_188' title='bbox 831 2356 913 2423; x_wconf 87' lang='lat' dir='ltr'>putet,</span> 
     </span>
     <span class='ocr_line' id='line_1_28' title="bbox 210 2426 915 2499; baseline -0.001 -13"><span class='ocrx_word' id='word_1_189' title='bbox 210 2434 295 2487; x_wconf 85' lang='lat' dir='ltr'>autem</span> <span class='ocrx_word' id='word_1_190' title='bbox 311 2446 388 2485; x_wconf 83' lang='lat' dir='ltr'>aenau</span> <span class='ocrx_word' id='word_1_191' title='bbox 405 2431 497 2495; x_wconf 83' lang='lat' dir='ltr'>oereat,</span> <span class='ocrx_word' id='word_1_192' title='bbox 513 2428 576 2484; x_wconf 86' lang='lat' dir='ltr'>nihil</span> <span class='ocrx_word' id='word_1_193' title='bbox 591 2428 623 2482; x_wconf 84' lang='lat' dir='ltr'>ad</span> <span class='ocrx_word' id='word_1_194' title='bbox 639 2444 687 2484; x_wconf 86' lang='lat' dir='ltr'>noa</span> <span class='ocrx_word' id='word_1_195' title='bbox 703 2426 731 2483; x_wconf 93' lang='lat' dir='ltr'>id</span> <span class='ocrx_word' id='word_1_196' title='bbox 743 2426 840 2499; x_wconf 88' lang='lat' dir='ltr'>judioet</span> <span class='ocrx_word' id='word_1_197' title='bbox 857 2446 915 2499; x_wconf 90' lang='lat' dir='ltr'>per·</span> 
     </span>
    </p>

    <p class='ocr_par' dir='ltr' id='par_1_6' title="bbox 210 2505 954 2964">
     <span class='ocr_line' id='line_1_29' title="bbox 210 2505 913 2576; baseline -0.004 -14"><span class='ocrx_word' id='word_1_198' title='bbox 210 2548 215 2562; x_wconf 88' lang='lat'>.</span> <span class='ocrx_word' id='word_1_199' title='bbox 250 2506 317 2561; x_wconf 85' lang='lat' dir='ltr'>Item</span> <span class='ocrx_word' id='word_1_200' title='bbox 342 2505 375 2562; x_wconf 94' lang='lat' dir='ltr'>de</span> <span class='ocrx_word' id='word_1_201' title='bbox 395 2505 480 2560; x_wconf 90' lang='lat' dir='ltr'>dolore</span> <span class='ocrx_word' id='word_1_202' title='bbox 500 2508 570 2560; x_wconf 82' lang='lat' dir='ltr'>oerte</span> <span class='ocrx_word' id='word_1_203' title='bbox 592 2505 677 2570; x_wconf 90' lang='lat' dir='ltr'>habet,</span> <span class='ocrx_word' id='word_1_204' title='bbox 698 2523 755 2576; x_wconf 87' lang='lat' dir='ltr'>quae</span> <span class='ocrx_word' id='word_1_205' title='bbox 774 2508 913 2576; x_wconf 83' lang='lat' dir='ltr'>aequatur,</span> 
     </span>
     <span class='ocr_line' id='line_1_30' title="bbox 221 2579 913 2652; baseline -0.004 -15"><span class='ocrx_word' id='word_1_206' title='bbox 221 2580 423 2652; x_wconf 79' lang='lat' dir='ltr'>magnitudinem</span> <span class='ocrx_word' id='word_1_207' title='bbox 447 2579 572 2636; x_wconf 82' lang='lat' dir='ltr'>brevitate</span> <span class='ocrx_word' id='word_1_208' title='bbox 594 2580 747 2645; x_wconf 88' lang='lat' dir='ltr'>eonaolatnr,</span> <span class='ocrx_word' id='word_1_209' title='bbox 770 2579 913 2650; x_wconf 82' lang='lat' dir='ltr'>longinqui·</span> 
     </span>
     <span class='ocr_line' id='line_1_31' title="bbox 215 2654 952 2726; baseline 0.003 -13"><span class='ocrx_word' id='word_1_210' title='bbox 215 2656 327 2713; x_wconf 74' lang='lat' dir='ltr'>levitate.</span> <span class='ocrx_word' id='word_1_211' title='bbox 356 2656 411 2716; x_wconf 79' lang='lat' dir='ltr'>Qui</span> <span class='ocrx_word' id='word_1_212' title='bbox 420 2655 522 2711; x_wconf 79' lang='lat' dir='ltr'>taudem</span> <span class='ocrx_word' id='word_1_213' title='bbox 534 2656 578 2710; x_wconf 82' lang='lat' dir='ltr'>iuti</span> <span class='ocrx_word' id='word_1_214' title='bbox 589 2654 748 2726; x_wconf 83' lang='lat' dir='ltr'>grandiloqui</span> <span class='ocrx_word' id='word_1_215' title='bbox 758 2657 847 2709; x_wconf 87' lang='lat' dir='ltr'>eontra</span> <span class='ocrx_word' id='word_1_216' title='bbox 858 2654 912 2712; x_wconf 83' lang='lat' dir='ltr'>haeo</span> <span class='ocrx_word' id='word_1_217' title='bbox 921 2666 952 2714; x_wconf 77' lang='lat'>89</span> 
     </span>
     <span class='ocr_line' id='line_1_32' title="bbox 210 2730 912 2803; baseline -0.003 -15"><span class='ocrx_word' id='word_1_218' title='bbox 210 2749 263 2803; x_wconf 82' lang='lat' dir='ltr'>quaa</span> <span class='ocrx_word' id='word_1_219' title='bbox 287 2730 396 2787; x_wconf 87' lang='lat' dir='ltr'>maxime</span> <span class='ocrx_word' id='word_1_220' title='bbox 418 2734 524 2803; x_wconf 77' lang='lat' dir='ltr'>ungunt,</span> <span class='ocrx_word' id='word_1_221' title='bbox 545 2732 635 2787; x_wconf 87' lang='lat' dir='ltr'>melina</span> <span class='ocrx_word' id='word_1_222' title='bbox 657 2749 686 2787; x_wconf 85' lang='lat' dir='ltr'>ae</span> <span class='ocrx_word' id='word_1_223' title='bbox 708 2730 810 2796; x_wconf 85' lang='lat' dir='ltr'>hubent,</span> <span class='ocrx_word' id='word_1_224' title='bbox 834 2748 912 2801; x_wconf 83' lang='lat' dir='ltr'>quem</span> 
     </span>
     <span class='ocr_line' id='line_1_33' title="bbox 210 2807 931 2882; baseline 0.008 -19"><span class='ocrx_word' id='word_1_225' title='bbox 210 2808 270 2863; x_wconf 78' lang='lat' dir='ltr'>ruat</span> <span class='ocrx_word' id='word_1_226' title='bbox 292 2826 326 2863; x_wconf 81' lang='lat' dir='ltr'>en</span> <span class='ocrx_word' id='word_1_227' title='bbox 344 2807 377 2864; x_wconf 91' lang='lat' dir='ltr'>ad</span> <span class='ocrx_word' id='word_1_228' title='bbox 397 2811 491 2877; x_wconf 82' lang='lat' dir='ltr'>uetere,</span> <span class='ocrx_word' id='word_1_229' title='bbox 508 2825 567 2882; x_wconf 85' lang='lat' dir='ltr'>quae</span> <span class='ocrx_word' id='word_1_230' title='bbox 585 2807 657 2864; x_wconf 81' lang='lat' dir='ltr'>mda</span> <span class='ocrx_word' id='word_1_231' title='bbox 669 2808 884 2879; x_wconf 47' lang='lat' dir='ltr'>quemnemo</span> <span class='ocrx_word' id='word_1_232' title='bbox 897 2807 931 2854; x_wconf 48' lang='lat' dir='ltr'>Q</span> 
     </span>
     <span class='ocr_line' id='line_1_34' title="bbox 210 2870 954 2964; baseline -0.022 -25"><span class='ocrx_word' id='word_1_233' title='bbox 210 2899 241 2939; x_wconf 81' lang='lat' dir='ltr'>ua</span> <span class='ocrx_word' id='word_1_234' title='bbox 260 2887 290 2940; x_wconf 90' lang='lat' dir='ltr'>et</span> <span class='ocrx_word' id='word_1_235' title='bbox 309 2884 405 2961; x_wconf 83' lang='lat' dir='ltr'>reliqui</span> <span class='ocrx_word' id='word_1_236' title='bbox 426 2886 584 2964; x_wconf 82' lang='lat' dir='ltr'>philoaoplii</span> <span class='ocrx_word' id='word_1_237' title='bbox 603 2887 674 2946; x_wconf 78' lang='lat' dir='ltr'>entia</span> <span class='ocrx_word' id='word_1_238' title='bbox 692 2880 788 2958; x_wconf 68' lang='lat' dir='ltr'>parata</span> <span class='ocrx_word' id='word_1_239' title='bbox 799 2870 954 2933; x_wconf 50' lang='lat' dir='ltr'>eumuna</span> 
     </span>
    </p>
   </div>
   <div class='ocr_carea' id='block_1_3' title="bbox 0 0 1322 3367">
    <p class='ocr_par' dir='ltr' id='par_1_7' title="bbox 0 0 1322 3367">
     <span class='ocr_line' id='line_1_35' title="bbox 0 0 1322 3367; baseline 0 1"><span class='ocrx_word' id='word_1_240' title='bbox 0 0 1322 3367; x_wconf 95' lang='lat' dir='ltr'> </span> 
     </span>
    </p>
   </div>
  </div>
 </body>
</html>
