2634 3367
474 329 541 379 mn.
555 330 606 377 111.
625 330 698 377 car.
712 332 751 388 ra,
764 331 800 378 19.
839 301 851 320 ‘
1003 333 1034 381 aa

242 458 272 493 os
297 437 458 509 perfricuisti,
483 440 549 493 soles
574 439 676 495 dicere?
713 441 779 494 Sunt
802 438 856 493 haee
879 440 927 493 tua
948 438 1032 506 verba,

242 517 342 570 necne?
377 515 410 572 Iu
422 515 564 586 ecquidem
581 516 652 581 libro,
667 517 710 587 qui
724 517 837 571 continet
849 533 946 569 omnem
960 516 1033 571 disci-

242 592 336 663 plinam
355 595 426 645 tuam
443 592 545 662 (iungar
563 593 628 648 enirn
643 596 697 663 jam
716 592 860 663 interpretis
878 611 988 660 munere,
1001 610 1032 647 ne

242 671 301 740 quis
318 689 358 724 me
374 674 447 739 putet
464 671 569 739 fingere)
583 664 649 724 dicis*
664 670 732 725 haec:
754 672 808 724 Nec
818 670 932 742 equidem
948 670 1031 735 luteo,

241 746 313 817 quod
323 747 468 816 iutellipam
484 746 580 799 bouum
596 746 673 810 illud,
687 747 820 799 detrahente
830 764 872 800 eae
885 747 1031 816 uoluptates,

241 840 300 893 quoe
316 840 406 892 sapore
421 823 627 892 percipluruur,·
649 822 784 875 detralreue
799 839 848 889 ear,
863 840 920 895 quoe
936 823 1033 876 auditu

241 908 264 951 et
281 898 419 961 cautibue,·
437 896 571 949 arranem
588 914 629 950 eas
647 898 733 962 etiam,
745 914 802 966 quae
816 898 958 966 euformis
973 915 1032 966 per-

241 974 383 1043 cipiuntur
394 972 482 1038 omelia,
493 990 582 1025 succes
598 974 728 1040 motiones,
741 973 793 1025 siue
804 991 860 1042 quo
871 974 931 1025 alloe
942 974 1032 1043 volup·

241 1058 305 1102 tuter
325 1049 356 1100 iu
375 1056 424 1100 toto
441 1047 546 1101 leonum
562 1048 715 1118 plyuuutur
733 1047 841 1117 quolibet
861 1065 942 1101 eeruu.
977 1049 1032 1102 Nee

241 1140 300 1175 uero
310 1124 348 1175 lta
360 1122 415 1175 diei
425 1131 512 1191 polest,
521 1124 615 1175 urentis
625 1123 743 1176 loetltlam
755 1123 835 1175 solam
847 1140 896 1175 erre
907 1123 939 1175 lu
950 1122 1030 1180 lotam.

242 1198 382 1251 Lmautem
399 1198 469 1250 euim
485 1208 593 1251 merrtem
610 1199 649 1253 ltu
662 1199 732 1265 uoci,
744 1215 786 1268 epe
801 1215 889 1250 eorum
904 1199 1031 1265 emulum,

241 1289 299 1341 quer
318 1290 400 1342 supra
420 1273 487 1337 dlxi,
501 1277 564 1343 sore
584 1283 614 1327 ut
637 1284 743 1338 natura,
766 1274 803 1326 lle
821 1274 927 1343 potiens,
947 1272 1031 1327 dolore

240 1357 332 1403 eareat.

276 1424 361 1493 Atque
380 1423 434 1478 lraec
453 1424 552 1495 quidem
572 1426 613 1480 his
632 1425 723 1493 verbis,
744 1424 826 1496 quivis
846 1428 876 1479 ut
897 1423 1069 1495 intelligam

240 1514 316 1565 quam
328 1499 484 1570 voluptatem
499 1502 565 1555 norit
578 1502 713 1572 Epicurus.
749 1500 846 1555 Deinde
859 1500 942 1571 paullo
957 1501 1030 1569 infra,

239 1574 312 1642 Soepe
320 1576 434 1644 quaesiui,
444 1576 534 1646 inquit,
543 1596 575 1632 ee
585 1578 627 1644 iis,
635 1578 683 1647 qui
691 1576 889 1647 appellabuntur
897 1578 1029 1647 sapienter,

239 1649 307 1717 quid
322 1650 447 1715 laterent,
466 1652 535 1725 quod
551 1656 581 1705 in
599 1652 672 1706 louis
688 1653 866 1723 relinquerent,
885 1654 909 1706 u·
925 1653 971 1706 lllu
989 1653 1027 1705 de-

239 1726 385 1788 mocratem,
398 1729 451 1780 uici
466 1730 490 1781 ei
507 1728 596 1782 uellent
612 1745 680 1781 noces
698 1730 788 1781 inanes
795 1725 919 1798 filudere.
954 1727 1032 1780 Nr'lr'l

238 1798 271 1850 ab
282 1798 324 1852 au
337 1804 413 1870 potui
428 1820 589 1873 eoqnoeeere:
608 1806 654 1873 qui
670 1805 693 1856 si
708 1804 813 1855 virtuter
827 1801 930 1854 ebullire
943 1804 1029 1855 uolent

237 1883 260 1925 et
278 1877 436 1944 sapientiam
454 1878 523 1931 uiuit
539 1879 615 1931 alirrd
631 1878 721 1943 dicent,
739 1879 791 1929 ulai
808 1893 863 1929 eum
882 1879 958 1943 eiam,
976 1895 1029 1946 qua

237 1950 383 2017 effimautur
399 1970 433 2005 ecc
453 1954 601 2022 voluptates,
621 1971 687 2023 quos
706 1969 787 2023 supra
806 1950 870 2004 dicei.
908 1952 970 2015 Quae
990 1970 1029 2007 se·

238 2029 360 2093 quantur,
375 2026 402 2079 in
419 2027 505 2082 eadem
523 2029 650 2083 sententia
667 2031 742 2081 sunt:
765 2030 885 2096 totusque
902 2025 972 2094 liber,
985 2028 1029 2097 qui

237 2105 278 2153 est
299 2100 330 2153 de
351 2119 449 2156 summo
472 2103 545 2168 bono,
568 2104 677 2160 refertas
697 2106 724 2163 et
745 2102 828 2156 verbis
848 2106 874 2156 et
895 2104 1027 2157 sententiis

236 2176 338 2230 talibus.
374 2177 417 2231 Ad
435 2179 556 2240 hanccine
579 2179 658 2249 igitur
679 2178 756 2234 vitam
777 2177 935 2234 Telamonem
955 2178 1023 2233 illum
1036 2184 1065 2228 43

236 2252 373 2317 revocabis,
393 2257 423 2307 ut
443 2253 511 2308 leves
529 2253 723 2325 egritudinem?
747 2257 774 2309 et
791 2254 813 2308 si
830 2272 905 2325 quem
923 2258 1025 2310 tuorum

236 2326 357 2381 afflictum
368 2347 472 2384 merore
483 2329 583 2394 videris,
593 2330 652 2385 hnic
664 2330 831 2401 acipenserem
845 2330 937 2401 potins,
949 2350 1025 2401 qnam

235 2403 345 2473 aliquem
362 2404 519 2461 Socraticum
534 2405 646 2460 libellum
657 2404 747 2465 dabis?
765 2406 881 2477 hydrauli
891 2408 1024 2464 hortabere

234 2483 265 2532 nt
283 2479 370 2535 audiat
387 2498 461 2536 voees
480 2482 572 2552 potius,
589 2500 665 2552 quam
682 2482 815 2538 Platonis?
833 2501 951 2554 expones,
969 2504 1024 2555 qnae

234 2559 335 2625 spectet
357 2556 447 2617 florida
466 2563 493 2611 et
512 2557 600 2613 variat
623 2557 771 2613 fasciculum
794 2560 826 2613 ad
846 2578 919 2615 nares
939 2560 1024 2614 admo·

234 2630 325 2686 vebis?
346 2632 464 2687 incendes
476 2633 585 2688 odores?
607 2632 658 2703 [et]
671 2634 745 2689 sertis
757 2634 868 2689 redimiri
881 2635 981 2704 jubebis
997 2641 1024 2689 et

233 2707 312 2761 rosal
348 2708 376 2761 Si
396 2725 456 2763 vero
476 2707 570 2779 aliquid
593 2708 727 2764 etiam-z
755 2714 812 2764 turn
834 2708 910 2781 plane
927 2709 1035 2762 tuntum

233 2800 334 2836 omnem
346 2782 514 2840 absterserisl'

257 2856 332 2909 XIX.
356 2858 426 2913 Haec
441 2860 561 2932 Epicuro
582 2866 743 2925 confitenda
760 2864 848 2922 sunt:
877 2860 930 2911 W
951 2868 998 2912 Q
1015 2841 1129 2909 W*

1117 3007 1129 3060 l
