2634 3367
503 354 570 404 ΜΒ.
585 355 627 403 lv.
646 354 720 403 CAP.
733 357 772 402 38.
985 358 1030 404 lus

238 468 296 522 Etsi
313 467 378 521 enirn
396 467 477 521 omnis
494 467 569 521 animi
587 465 745 537 perturbatio
760 467 843 537 gravis
856 470 895 521 est
908 486 955 522 neo
967 469 1031 521 mul-

237 549 291 598 tum
306 543 390 598 differt
406 543 437 598 ab
454 543 570 609 amentia,
583 546 669 596 tumen
681 542 742 613 [ita]
755 548 860 609 eeteros,
875 563 953 615 quum
968 549 1028 598 sunt

237 621 264 674 in
275 620 360 690 aliqua
375 619 564 690 perturbatione
580 623 625 673 aut
641 625 725 673 metus
738 624 781 673 aiut
793 620 889 674 laetitiae
904 626 948 674 aut
961 620 1029 689 eupi-

237 696 333 760 ditatis,
346 700 484 749 oommotos
501 694 574 748 modo
587 699 612 748 et
629 694 790 762 perturbatos
803 694 886 749 dinero
903 696 1028 750 solemus:

237 777 264 827 at
281 789 332 836 eos,
346 771 388 842 qui
407 790 435 826 se
451 771 595 841 aegritudini
609 769 767 835 dediderunt,
784 771 896 838 miseros,
915 772 1027 836 afflictos,

237 865 400 911 erumnosos,
420 847 585 903 calamitosos.
620 847 713 916 Itaque
733 864 784 900 uon
805 847 912 902 fortuito
934 848 1068 903 factumst

237 923 346 988 videtur,
365 923 409 978 sed
427 941 442 977 a
459 927 486 977 te
503 923 600 977 ratione
618 922 784 992 propositum,
799 928 829 978 ut
848 925 981 994 separatim
999 924 1030 979 de

237 999 388 1071 ngritudine
400 1004 426 1054 et
438 998 469 1053 de
479 1000 569 1053 ceteris
582 998 814 1068 perturbationibus
824 998 1029 1069 disputaremus:

237 1076 264 1130 in
288 1094 319 1130 ea
341 1081 380 1130 est
405 1076 471 1130 enim
495 1076 552 1129 fons
576 1074 733 1129 miseriarum
757 1081 785 1127 et
808 1080 892 1144 caput.
929 1076 980 1130 Sed
1004 1080 1031 1130 et

237 1150 395 1223 egritudinis
407 1156 434 1206 et
446 1151 598 1221 reliquorum
616 1150 693 1204 animi
704 1149 849 1205 morborum
866 1169 916 1205 una
933 1153 1030 1206 sanatio

237 1232 286 1292 est,
308 1245 395 1282 omnes
419 1226 556 1296 opinabiles
581 1244 637 1280 esse
660 1230 687 1280 et
711 1226 876 1291 voluntarios,
901 1244 931 1280 ea
953 1246 1031 1297 reque

237 1302 340 1373 suscipi,
354 1301 422 1373 qnod
433 1302 470 1357 ita
481 1306 579 1357 rectum
594 1319 650 1355 esse
662 1300 786 1355 videatur.
823 1304 901 1356 Hunc
913 1321 1030 1370 errorem,

237 1379 312 1449 quusi
328 1378 438 1433 radicem
456 1377 577 1432 malorum
596 1377 715 1441 omnium,
735 1377 852 1447 stirpitus
873 1378 1031 1449 philosophia

237 1472 266 1510 se
278 1457 449 1509 extracturam
466 1453 607 1523 pollicetur.
642 1453 739 1507 Demus
756 1453 835 1523 igitur
851 1473 898 1508 nos
914 1454 973 1509 huio
988 1466 1069 1511 err-84

237 1530 364 1596 dolendos,
378 1529 553 1600 patiamurque
570 1546 616 1582 nos
632 1528 723 1583 senari.
761 1529 810 1583 His
827 1531 893 1584 enim
910 1530 981 1584 malis
993 1531 1030 1583 in-

237 1606 387 1671 sidentibus,
406 1623 457 1659 non
474 1603 549 1659 modo
568 1603 644 1669 beati,
664 1604 710 1659 aed
730 1624 762 1659 ne
783 1607 839 1661 sani
857 1606 957 1678 quidem
975 1624 1030 1660 esse

236 1700 382 1754 possumus.
418 1683 472 1735 Aut
483 1681 563 1751 igitur
574 1697 695 1750 negemus
709 1680 843 1752 quidquam
861 1684 958 1737 ratione
971 1701 1028 1736 oon-

236 1760 286 1825 fici,
304 1775 383 1830 quum
401 1762 490 1812 contra
507 1755 570 1810 nibil
588 1756 642 1810 sine
660 1756 758 1811 ratione
776 1762 846 1811 reete
863 1759 917 1812 fieri
935 1758 1029 1828 possit:

237 1838 291 1902 unt,
304 1852 383 1905 quum
400 1832 558 1903 philosophia
575 1850 608 1886 ex
625 1831 751 1886 rationum
770 1833 903 1887 collatione
921 1837 1028 1897 constet,

237 1910 269 1967 ab
279 1928 317 1975 ea,
327 1910 350 1964 si
362 1912 388 1964 et
400 1910 460 1963 boni
473 1913 499 1963 et
511 1908 580 1964 beuti
589 1908 705 1962 volumus
718 1925 781 1971 esse,
792 1908 875 1963 omnia
887 1907 1031 1978 adjumenta

236 1991 265 2043 et
277 1985 372 2041 auxilia
383 1988 499 2056 petamus
511 1984 575 2041 bene
587 1983 711 2053 beateque
722 1982 830 2038 vivendi.
1026 1987 1028 1991 “
