<?xml version="1.0" encoding="UTF-8"?>
<!DOCTYPE html PUBLIC "-//W3C//DTD XHTML 1.0 Transitional//EN"
    "http://www.w3.org/TR/xhtml1/DTD/xhtml1-transitional.dtd">
<html xmlns="http://www.w3.org/1999/xhtml" xml:lang="en" lang="en">
 <head>
  <title>
</title>
<meta http-equiv="Content-Type" content="text/html;charset=utf-8" />
  <meta name='ocr-system' content='tesseract 3.04.00' />
  <meta name='ocr-capabilities' content='ocr_page ocr_carea ocr_par ocr_line ocrx_word'/>
</head>
<body>
  <div class='ocr_page' id='page_1' title='image "./mtulliiciceroni09cicegoog/mtulliiciceroni09cicegoog_0011.png"; bbox 0 0 2634 3367; ppageno 0'>
   <div class='ocr_carea' id='block_1_1' title="bbox 523 341 1061 400">
    <p class='ocr_par' dir='ltr' id='par_1_1' title="bbox 523 341 1061 400">
     <span class='ocr_line' id='line_1_1' title="bbox 523 341 1061 400; baseline 0.007 -11"><span class='ocrx_word' id='word_1_1' title='bbox 523 341 590 392; x_wconf 78' lang='lat' dir='ltr'>Lib.</span> <span class='ocrx_word' id='word_1_2' title='bbox 604 341 625 390; x_wconf 88' lang='lat'>1.</span> <span class='ocrx_word' id='word_1_3' title='bbox 654 341 729 390; x_wconf 83' lang='lat' dir='ltr'>CAP.</span> <span class='ocrx_word' id='word_1_4' title='bbox 745 344 768 400; x_wconf 73' lang='grc' dir='ltr'>ὅ,</span> <span class='ocrx_word' id='word_1_5' title='bbox 781 344 803 392; x_wconf 76' lang='lat'>⁶.</span> <span class='ocrx_word' id='word_1_6' title='bbox 1048 347 1061 393; x_wconf 72' lang='lat' dir='ltr'>t</span> 
     </span>
    </p>
   </div>
   <div class='ocr_carea' id='block_1_2' title="bbox 261 450 1099 1211">
    <p class='ocr_par' dir='ltr' id='par_1_2' title="bbox 261 450 1099 1211">
     <span class='ocr_line' id='line_1_2' title="bbox 263 450 1062 522; baseline 0 -16"><span class='ocrx_word' id='word_1_7' title='bbox 263 468 365 522; x_wconf 83' lang='lat' dir='ltr'>semper</span> <span class='ocrx_word' id='word_1_8' title='bbox 376 450 470 506; x_wconf 86' lang='lat' dir='ltr'>miseri</span> <span class='ocrx_word' id='word_1_9' title='bbox 505 450 574 508; x_wconf 77' lang='lat' dir='ltr'>Nem</span> <span class='ocrx_word' id='word_1_10' title='bbox 590 452 613 507; x_wconf 88' lang='lat' dir='ltr'>si</span> <span class='ocrx_word' id='word_1_11' title='bbox 628 452 697 507; x_wconf 89' lang='lat' dir='ltr'>solos</span> <span class='ocrx_word' id='word_1_12' title='bbox 712 470 757 507; x_wconf 85' lang='lat' dir='ltr'>eos</span> <span class='ocrx_word' id='word_1_13' title='bbox 769 451 866 508; x_wconf 82' lang='lat' dir='ltr'>diceres</span> <span class='ocrx_word' id='word_1_14' title='bbox 882 450 995 516; x_wconf 82' lang='lat' dir='ltr'>miseros,</span> <span class='ocrx_word' id='word_1_15' title='bbox 1007 451 1062 522; x_wconf 90' lang='lat' dir='ltr'>qui-</span> 
     </span>
     <span class='ocr_line' id='line_1_3' title="bbox 263 527 1061 600; baseline -0.003 -17"><span class='ocrx_word' id='word_1_16' title='bbox 263 527 312 583; x_wconf 90' lang='lat' dir='ltr'>bus</span> <span class='ocrx_word' id='word_1_17' title='bbox 328 527 488 582; x_wconf 86' lang='lat' dir='ltr'>moriendum</span> <span class='ocrx_word' id='word_1_18' title='bbox 504 534 586 584; x_wconf 82' lang='lat' dir='ltr'>esset:</span> <span class='ocrx_word' id='word_1_19' title='bbox 605 529 732 584; x_wconf 87' lang='lat' dir='ltr'>nemiuem</span> <span class='ocrx_word' id='word_1_20' title='bbox 747 533 777 584; x_wconf 91' lang='lat' dir='ltr'>tu</span> <span class='ocrx_word' id='word_1_21' title='bbox 790 528 890 600; x_wconf 88' lang='lat' dir='ltr'>quidem</span> <span class='ocrx_word' id='word_1_22' title='bbox 907 546 1003 591; x_wconf 84' lang='lat' dir='ltr'>eornm¹</span> <span class='ocrx_word' id='word_1_23' title='bbox 1017 528 1061 598; x_wconf 87' lang='lat' dir='ltr'>qni</span> 
     </span>
     <span class='ocr_line' id='line_1_4' title="bbox 263 604 1060 675; baseline 0.001 -16"><span class='ocrx_word' id='word_1_24' title='bbox 263 604 388 669; x_wconf 79' lang='lat' dir='ltr'>viverent,</span> <span class='ocrx_word' id='word_1_25' title='bbox 411 604 558 675; x_wconf 77' lang='lat' dir='ltr'>exciperes:</span> <span class='ocrx_word' id='word_1_26' title='bbox 588 604 747 660; x_wconf 88' lang='lat' dir='ltr'>moriendum</span> <span class='ocrx_word' id='word_1_27' title='bbox 770 611 809 660; x_wconf 87' lang='lat' dir='ltr'>est</span> <span class='ocrx_word' id='word_1_28' title='bbox 834 604 901 659; x_wconf 89' lang='lat' dir='ltr'>euim</span> <span class='ocrx_word' id='word_1_29' title='bbox 924 604 1060 660; x_wconf 87' lang='lat' dir='ltr'>omuibus:</span> 
     </span>
     <span class='ocr_line' id='line_1_5' title="bbox 261 680 1060 741; baseline -0.003 -6"><span class='ocrx_word' id='word_1_30' title='bbox 261 684 333 735; x_wconf 87' lang='lat' dir='ltr'>esset</span> <span class='ocrx_word' id='word_1_31' title='bbox 350 684 438 735; x_wconf 78' lang='lat' dir='ltr'>tomen</span> <span class='ocrx_word' id='word_1_32' title='bbox 455 680 562 737; x_wconf 75' lang='lat' dir='ltr'>miserim</span> <span class='ocrx_word' id='word_1_33' title='bbox 580 682 637 737; x_wconf 83' lang='lat' dir='ltr'>finis</span> <span class='ocrx_word' id='word_1_34' title='bbox 654 681 683 736; x_wconf 93' lang='lat' dir='ltr'>in</span> <span class='ocrx_word' id='word_1_35' title='bbox 700 687 790 736; x_wconf 87' lang='lat' dir='ltr'>morte.</span> <span class='ocrx_word' id='word_1_36' title='bbox 828 681 954 741; x_wconf 78' lang='lat' dir='ltr'><strong>Quoniam</strong></span> <span class='ocrx_word' id='word_1_37' title='bbox 974 687 1060 734; x_wconf 84' lang='lat' dir='ltr'>autom</span> 
     </span>
     <span class='ocr_line' id='line_1_6' title="bbox 262 756 1059 823; baseline -0.003 -12"><span class='ocrx_word' id='word_1_38' title='bbox 262 756 342 812; x_wconf 80' lang='lat' dir='ltr'>etiem</span> <span class='ocrx_word' id='word_1_39' title='bbox 360 756 456 812; x_wconf 87' lang='lat' dir='ltr'>mortni</span> <span class='ocrx_word' id='word_1_40' title='bbox 473 757 560 812; x_wconf 86' lang='lat' dir='ltr'>miseri</span> <span class='ocrx_word' id='word_1_41' title='bbox 577 762 646 823; x_wconf 88' lang='lat' dir='ltr'>sunt,</span> <span class='ocrx_word' id='word_1_42' title='bbox 663 758 689 812; x_wconf 90' lang='lat' dir='ltr'>in</span> <span class='ocrx_word' id='word_1_43' title='bbox 707 758 832 813; x_wconf 80' lang='lat' dir='ltr'>miserium</span> <span class='ocrx_word' id='word_1_44' title='bbox 850 757 977 812; x_wconf 76' lang='lat' dir='ltr'>nascimur</span> <span class='ocrx_word' id='word_1_45' title='bbox 994 775 1059 811; x_wconf 79' lang='lat' dir='ltr'>seur·</span> 
     </span>
     <span class='ocr_line' id='line_1_7' title="bbox 262 832 1059 903; baseline -0.001 -16"><span class='ocrx_word' id='word_1_46' title='bbox 262 832 399 903; x_wconf 85' lang='lat' dir='ltr'>piterncm.</span> <span class='ocrx_word' id='word_1_47' title='bbox 435 832 549 889; x_wconf 76' lang='lat' dir='ltr'>Neoesse</span> <span class='ocrx_word' id='word_1_48' title='bbox 571 834 711 899; x_wconf 73' lang='lat' dir='ltr'>osteum,</span> <span class='ocrx_word' id='word_1_49' title='bbox 736 835 841 889; x_wconf 89' lang='lat' dir='ltr'>miseros</span> <span class='ocrx_word' id='word_1_50' title='bbox 864 851 921 889; x_wconf 85' lang='lat' dir='ltr'>osse</span> <span class='ocrx_word' id='word_1_51' title='bbox 941 851 992 897; x_wconf 87' lang='lat' dir='ltr'>eos,</span> <span class='ocrx_word' id='word_1_52' title='bbox 1015 832 1059 903; x_wconf 92' lang='lat' dir='ltr'>qui</span> 
     </span>
     <span class='ocr_line' id='line_1_8' title="bbox 262 908 1058 979; baseline -0.001 -16"><span class='ocrx_word' id='word_1_53' title='bbox 262 913 368 964; x_wconf 87' lang='lat' dir='ltr'>centum</span> <span class='ocrx_word' id='word_1_54' title='bbox 388 908 500 966; x_wconf 84' lang='lat' dir='ltr'>millibus</span> <span class='ocrx_word' id='word_1_55' title='bbox 518 928 641 965; x_wconf 77' lang='lat' dir='ltr'>annorum</span> <span class='ocrx_word' id='word_1_56' title='bbox 663 916 722 965; x_wconf 88' lang='lat' dir='ltr'>ento</span> <span class='ocrx_word' id='word_1_57' title='bbox 742 909 898 975; x_wconf 86' lang='lat' dir='ltr'>occiderunt,</span> <span class='ocrx_word' id='word_1_58' title='bbox 915 909 954 965; x_wconf 82' lang='lat' dir='ltr'>uel</span> <span class='ocrx_word' id='word_1_59' title='bbox 973 910 1058 979; x_wconf 80' lang='lat' dir='ltr'>potius</span> 
     </span>
     <span class='ocr_line' id='line_1_9' title="bbox 262 985 1099 1057; baseline 0 -18"><span class='ocrx_word' id='word_1_60' title='bbox 262 1002 360 1051; x_wconf 86' lang='lat' dir='ltr'>omnes,</span> <span class='ocrx_word' id='word_1_61' title='bbox 373 986 526 1057; x_wconf 80' lang='lat' dir='ltr'>quicumque</span> <span class='ocrx_word' id='word_1_62' title='bbox 542 986 595 1041; x_wconf 87' lang='lat' dir='ltr'>neti</span> <span class='ocrx_word' id='word_1_63' title='bbox 611 991 680 1041; x_wconf 91' lang='lat' dir='ltr'>suut.</span> <span class='ocrx_word' id='word_1_64' title='bbox 717 987 748 1040; x_wconf 92' lang='lat' dir='ltr'>A.</span> <span class='ocrx_word' id='word_1_65' title='bbox 762 986 805 1041; x_wconf 82' lang='lat' dir='ltr'>ite</span> <span class='ocrx_word' id='word_1_66' title='bbox 816 1004 920 1057; x_wconf 87' lang='lat' dir='ltr'>prorsus</span> <span class='ocrx_word' id='word_1_67' title='bbox 931 985 1057 1041; x_wconf 78' lang='lat' dir='ltr'>existimo.</span> <span class='ocrx_word' id='word_1_68' title='bbox 1069 985 1099 1032; x_wconf 79' lang='lat'>¹⁰</span> 
     </span>
     <span class='ocr_line' id='line_1_10' title="bbox 262 1060 1058 1134; baseline -0.001 -18"><span class='ocrx_word' id='word_1_69' title='bbox 262 1060 303 1117; x_wconf 97' lang='lat' dir='ltr'><strong>M.</strong></span> <span class='ocrx_word' id='word_1_70' title='bbox 316 1061 374 1128; x_wconf 90' lang='lat' dir='ltr'>Dic,</span> <span class='ocrx_word' id='word_1_71' title='bbox 391 1080 492 1134; x_wconf 83' lang='lat' dir='ltr'>queso:</span> <span class='ocrx_word' id='word_1_72' title='bbox 513 1080 575 1117; x_wconf 87' lang='lat' dir='ltr'>nurn</span> <span class='ocrx_word' id='word_1_73' title='bbox 593 1068 620 1118; x_wconf 91' lang='lat' dir='ltr'>te</span> <span class='ocrx_word' id='word_1_74' title='bbox 638 1062 682 1117; x_wconf 83' lang='lat' dir='ltr'>illu</span> <span class='ocrx_word' id='word_1_75' title='bbox 699 1067 805 1126; x_wconf 88' lang='lat' dir='ltr'>terrent,</span> <span class='ocrx_word' id='word_1_76' title='bbox 823 1062 918 1132; x_wconf 84' lang='lat' dir='ltr'>triceps</span> <span class='ocrx_word' id='word_1_77' title='bbox 936 1061 1003 1132; x_wconf 78' lang='lat' dir='ltr'>cnud</span> <span class='ocrx_word' id='word_1_78' title='bbox 1021 1062 1058 1115; x_wconf 92' lang='lat' dir='ltr'>in·</span> 
     </span>
     <span class='ocr_line' id='line_1_11' title="bbox 262 1137 1056 1211; baseline -0.001 -20"><span class='ocrx_word' id='word_1_79' title='bbox 262 1137 332 1193; x_wconf 81' lang='lat' dir='ltr'>ieros</span> <span class='ocrx_word' id='word_1_80' title='bbox 344 1138 478 1204; x_wconf 84' lang='lat' dir='ltr'>Cerberus,</span> <span class='ocrx_word' id='word_1_81' title='bbox 489 1138 579 1211; x_wconf 71' lang='lat' dir='ltr'>Cocyti</span> <span class='ocrx_word' id='word_1_82' title='bbox 592 1139 716 1202; x_wconf 78' lang='lat' dir='ltr'>fremitus,</span> <span class='ocrx_word' id='word_1_83' title='bbox 731 1139 885 1193; x_wconf 74' lang='lat' dir='ltr'>transvectio</span> <span class='ocrx_word' id='word_1_84' title='bbox 897 1138 1056 1203; x_wconf 86' lang='lat' dir='ltr'>Acherontis,</span> 
     </span>
    </p>
   </div>
   <div class='ocr_carea' id='block_1_3' title="bbox 261 1237 1042 1390">
    <p class='ocr_par' dir='ltr' id='par_1_3' title="bbox 261 1237 1042 1390">
     <span class='ocr_line' id='line_1_12' title="bbox 277 1237 1042 1299; baseline -0.007 -15"><span class='ocrx_word' id='word_1_85' title='bbox 277 1238 360 1284; x_wconf 71' lang='lat' dir='ltr'>mento</span> <span class='ocrx_word' id='word_1_86' title='bbox 369 1252 487 1285; x_wconf 82' lang='lat' dir='ltr'>mmmsm</span> <span class='ocrx_word' id='word_1_87' title='bbox 496 1254 584 1299; x_wconf 75' lang='lat' dir='ltr'>equium</span> <span class='ocrx_word' id='word_1_88' title='bbox 592 1239 713 1298; x_wconf 71' lang='lat' dir='ltr'>stringens</span> <span class='ocrx_word' id='word_1_89' title='bbox 722 1240 762 1285; x_wconf 88' lang='lat' dir='ltr'>siti</span> <span class='ocrx_word' id='word_1_90' title='bbox 772 1237 902 1285; x_wconf 70' lang='lat' dir='ltr'>enecatus·</span> <span class='ocrx_word' id='word_1_91' title='bbox 913 1237 1042 1286; x_wconf 65' lang='lat' dir='ltr'>Tmolo-²</span> 
     </span>
     <span class='ocr_line' id='line_1_13' title="bbox 261 1317 489 1390; baseline 0.018 -19"><span class='ocrx_word' id='word_1_92' title='bbox 261 1334 325 1371; x_wconf 91' lang='lat' dir='ltr'>num</span> <span class='ocrx_word' id='word_1_93' title='bbox 336 1317 407 1385; x_wconf 90' lang='lat' dir='ltr'>illud,</span> <span class='ocrx_word' id='word_1_94' title='bbox 420 1318 489 1390; x_wconf 88' lang='lat' dir='ltr'>quod</span> 
     </span>
    </p>
   </div>
   <div class='ocr_carea' id='block_1_4' title="bbox 259 1387 1055 1599">
    <p class='ocr_par' dir='ltr' id='par_1_4' title="bbox 259 1387 1055 1599">
     <span class='ocr_line' id='line_1_14' title="bbox 743 1387 941 1447; baseline -0.005 -13"><span class='ocrx_word' id='word_1_95' title='bbox 743 1387 854 1447; x_wconf 81' lang='lat' dir='ltr'>Sisypbu’</span> <span class='ocrx_word' id='word_1_96' title='bbox 863 1390 941 1434; x_wconf 80' lang='lat' dir='ltr'>verset</span> 
     </span>
     <span class='ocr_line' id='line_1_15' title="bbox 365 1452 959 1513; baseline 0 -13"><span class='ocrx_word' id='word_1_97' title='bbox 365 1466 456 1509; x_wconf 71' lang='lat' dir='ltr'>mum.</span> <span class='ocrx_word' id='word_1_98' title='bbox 465 1453 554 1500; x_wconf 79' lang='lat' dir='ltr'>sudeus</span> <span class='ocrx_word' id='word_1_99' title='bbox 563 1454 668 1511; x_wconf 80' lang='lat' dir='ltr'>nitendo,</span> <span class='ocrx_word' id='word_1_100' title='bbox 681 1467 756 1512; x_wconf 89' lang='lat' dir='ltr'>neque</span> <span class='ocrx_word' id='word_1_101' title='bbox 766 1453 859 1513; x_wconf 81' lang='lat' dir='ltr'>proficit</span> <span class='ocrx_word' id='word_1_102' title='bbox 869 1453 942 1499; x_wconf 90' lang='lat' dir='ltr'>hilum</span> <span class='ocrx_word' id='word_1_103' title='bbox 950 1452 959 1500; x_wconf 81' lang='lat' dir='ltr'>i</span> 
     </span>
     <span class='ocr_line' id='line_1_16' title="bbox 259 1526 1055 1599; baseline 0 -18"><span class='ocrx_word' id='word_1_104' title='bbox 259 1526 370 1582; x_wconf 84' lang='lat' dir='ltr'>fortasse</span> <span class='ocrx_word' id='word_1_105' title='bbox 389 1528 467 1583; x_wconf 83' lang='lat' dir='ltr'>etiem</span> <span class='ocrx_word' id='word_1_106' title='bbox 486 1528 653 1584; x_wconf 76' lang='lat' dir='ltr'>inexorabiles</span> <span class='ocrx_word' id='word_1_107' title='bbox 669 1528 777 1599; x_wconf 87' lang='lat' dir='ltr'>judices,</span> <span class='ocrx_word' id='word_1_108' title='bbox 795 1528 882 1583; x_wconf 91' lang='lat' dir='ltr'>Minos</span> <span class='ocrx_word' id='word_1_109' title='bbox 905 1533 931 1582; x_wconf 92' lang='lat' dir='ltr'>et</span> <span class='ocrx_word' id='word_1_110' title='bbox 953 1526 1055 1582; x_wconf 82' lang='lat' dir='ltr'>Rhode·</span> 
     </span>
    </p>
   </div>
   <div class='ocr_carea' id='block_1_5' title="bbox 259 1603 1055 1676">
    <p class='ocr_par' dir='ltr' id='par_1_5' title="bbox 259 1603 1055 1676">
     <span class='ocr_line' id='line_1_17' title="bbox 259 1603 1055 1676; baseline 0 -19"><span class='ocrx_word' id='word_1_111' title='bbox 259 1603 391 1657; x_wconf 84' lang='lat' dir='ltr'>monthus.</span> <span class='ocrx_word' id='word_1_112' title='bbox 428 1603 505 1676; x_wconf 85' lang='lat' dir='ltr'>Apud</span> <span class='ocrx_word' id='word_1_113' title='bbox 517 1622 580 1676; x_wconf 89' lang='lat' dir='ltr'>qnos</span> <span class='ocrx_word' id='word_1_114' title='bbox 597 1623 644 1661; x_wconf 87' lang='lat' dir='ltr'>neo</span> <span class='ocrx_word' id='word_1_115' title='bbox 659 1609 687 1660; x_wconf 86' lang='lat' dir='ltr'>te</span> <span class='ocrx_word' id='word_1_116' title='bbox 702 1605 734 1661; x_wconf 87' lang='lat' dir='ltr'>L.</span> <span class='ocrx_word' id='word_1_117' title='bbox 745 1604 853 1660; x_wconf 83' lang='lat' dir='ltr'>Crassus</span> <span class='ocrx_word' id='word_1_118' title='bbox 869 1603 995 1668; x_wconf 87' lang='lat' dir='ltr'>defendet,</span> <span class='ocrx_word' id='word_1_119' title='bbox 1008 1621 1055 1658; x_wconf 90' lang='lat' dir='ltr'>nec</span> 
     </span>
    </p>
   </div>
   <div class='ocr_carea' id='block_1_6' title="bbox 231 1679 1115 2988">
    <p class='ocr_par' dir='ltr' id='par_1_6' title="bbox 231 1679 1115 2988">
     <span class='ocr_line' id='line_1_18' title="bbox 260 1679 1053 1752; baseline -0.001 -18"><span class='ocrx_word' id='word_1_120' title='bbox 260 1679 301 1734; x_wconf 88' lang='lat' dir='ltr'>M.</span> <span class='ocrx_word' id='word_1_121' title='bbox 316 1679 451 1745; x_wconf 88' lang='lat' dir='ltr'>Antonius,</span> <span class='ocrx_word' id='word_1_122' title='bbox 471 1698 526 1745; x_wconf 89' lang='lat' dir='ltr'>nec,</span> <span class='ocrx_word' id='word_1_123' title='bbox 548 1698 667 1752; x_wconf 82' lang='lat' dir='ltr'>quomam</span> <span class='ocrx_word' id='word_1_124' title='bbox 686 1681 755 1752; x_wconf 84' lang='lat' dir='ltr'>opud</span> <span class='ocrx_word' id='word_1_125' title='bbox 771 1681 873 1736; x_wconf 84' lang='lat' dir='ltr'>Graecos</span> <span class='ocrx_word' id='word_1_126' title='bbox 889 1679 989 1750; x_wconf 87' lang='lat' dir='ltr'>judiees</span> <span class='ocrx_word' id='word_1_127' title='bbox 1013 1698 1053 1734; x_wconf 88' lang='lat' dir='ltr'>res</span> 
     </span>
     <span class='ocr_line' id='line_1_19' title="bbox 258 1755 1054 1827; baseline -0.001 -17"><span class='ocrx_word' id='word_1_128' title='bbox 258 1761 360 1826; x_wconf 78' lang='lat' dir='ltr'>egetur,</span> <span class='ocrx_word' id='word_1_129' title='bbox 372 1756 468 1827; x_wconf 88' lang='lat' dir='ltr'>poteris</span> <span class='ocrx_word' id='word_1_130' title='bbox 485 1755 604 1812; x_wconf 75' lang='lat' dir='ltr'>adbibere</span> <span class='ocrx_word' id='word_1_131' title='bbox 615 1756 829 1813; x_wconf 87' lang='lat' dir='ltr'>Demosthenem:</span> <span class='ocrx_word' id='word_1_132' title='bbox 849 1756 957 1827; x_wconf 89' lang='lat' dir='ltr'>tibiipsi</span> <span class='ocrx_word' id='word_1_133' title='bbox 969 1773 1015 1826; x_wconf 85' lang='lat' dir='ltr'>pro</span> <span class='ocrx_word' id='word_1_134' title='bbox 1027 1760 1054 1809; x_wconf 88' lang='lat' dir='ltr'>to</span> 
     </span>
     <span class='ocr_line' id='line_1_20' title="bbox 257 1832 1054 1889; baseline 0 -3"><span class='ocrx_word' id='word_1_135' title='bbox 257 1834 310 1887; x_wconf 90' lang='lat' dir='ltr'>erit</span> <span class='ocrx_word' id='word_1_136' title='bbox 326 1833 436 1888; x_wconf 77' lang='lat' dir='ltr'>menime</span> <span class='ocrx_word' id='word_1_137' title='bbox 451 1851 544 1889; x_wconf 80' lang='lat' dir='ltr'>corone</span> <span class='ocrx_word' id='word_1_138' title='bbox 559 1851 635 1889; x_wconf 83' lang='lat' dir='ltr'>ceusu</span> <span class='ocrx_word' id='word_1_139' title='bbox 652 1832 766 1889; x_wconf 70' lang='lat' dir='ltr'>dicende</span> <span class='ocrx_word' id='word_1_140' title='bbox 802 1835 866 1888; x_wconf 81' lang='lat' dir='ltr'>Haeo</span> <span class='ocrx_word' id='word_1_141' title='bbox 881 1832 988 1887; x_wconf 79' lang='lat' dir='ltr'>fortusse</span> <span class='ocrx_word' id='word_1_142' title='bbox 1005 1850 1054 1886; x_wconf 81' lang='lat' dir='ltr'>inc·</span> 
     </span>
     <span class='ocr_line' id='line_1_21' title="bbox 258 1907 1052 1979; baseline -0.003 -15"><span class='ocrx_word' id='word_1_143' title='bbox 258 1909 320 1973; x_wconf 86' lang='lat' dir='ltr'>tuis,</span> <span class='ocrx_word' id='word_1_144' title='bbox 330 1908 460 1965; x_wconf 84' lang='lat' dir='ltr'>etidcirco</span> <span class='ocrx_word' id='word_1_145' title='bbox 472 1913 578 1965; x_wconf 88' lang='lat' dir='ltr'>mortem</span> <span class='ocrx_word' id='word_1_146' title='bbox 591 1928 680 1965; x_wconf 88' lang='lat' dir='ltr'>censes</span> <span class='ocrx_word' id='word_1_147' title='bbox 689 1928 745 1965; x_wconf 88' lang='lat' dir='ltr'>esso</span> <span class='ocrx_word' id='word_1_148' title='bbox 757 1909 940 1979; x_wconf 87' lang='lat' dir='ltr'>sempiternum</span> <span class='ocrx_word' id='word_1_149' title='bbox 951 1907 1052 1962; x_wconf 87' lang='lat' dir='ltr'>melum.</span> 
     </span>
     <span class='ocr_line' id='line_1_22' title="bbox 295 1984 1053 2051; baseline 0 -12"><span class='ocrx_word' id='word_1_150' title='bbox 295 1985 343 2040; x_wconf 86' lang='lat' dir='ltr'>VI.</span> <span class='ocrx_word' id='word_1_151' title='bbox 362 1988 395 2040; x_wconf 92' lang='lat' dir='ltr'>A.</span> <span class='ocrx_word' id='word_1_152' title='bbox 408 1985 513 2041; x_wconf 82' lang='lat' dir='ltr'>Adeone</span> <span class='ocrx_word' id='word_1_153' title='bbox 528 2004 568 2041; x_wconf 90' lang='lat' dir='ltr'>me</span> <span class='ocrx_word' id='word_1_154' title='bbox 584 1986 691 2042; x_wconf 80' lang='lat' dir='ltr'>delirare</span> <span class='ocrx_word' id='word_1_155' title='bbox 707 2003 803 2051; x_wconf 80' lang='lat' dir='ltr'>censes,</span> <span class='ocrx_word' id='word_1_156' title='bbox 817 1992 846 2039; x_wconf 92' lang='lat' dir='ltr'>ut</span> <span class='ocrx_word' id='word_1_157' title='bbox 863 1984 913 2039; x_wconf 80' lang='lat' dir='ltr'>sito</span> <span class='ocrx_word' id='word_1_158' title='bbox 928 2002 984 2039; x_wconf 88' lang='lat' dir='ltr'>esse</span> <span class='ocrx_word' id='word_1_159' title='bbox 999 2002 1053 2040; x_wconf 89' lang='lat' dir='ltr'>ore-</span> 
     </span>
     <span class='ocr_line' id='line_1_23' title="bbox 258 2060 1050 2118; baseline 0.003 -4"><span class='ocrx_word' id='word_1_160' title='bbox 258 2060 337 2115; x_wconf 77' lang='lat' dir='ltr'>demi</span> <span class='ocrx_word' id='word_1_161' title='bbox 367 2061 407 2116; x_wconf 88' lang='lat' dir='ltr'>M.</span> <span class='ocrx_word' id='word_1_162' title='bbox 420 2063 463 2116; x_wconf 85' lang='lat' dir='ltr'>An</span> <span class='ocrx_word' id='word_1_163' title='bbox 482 2066 513 2117; x_wconf 87' lang='lat' dir='ltr'>tu</span> <span class='ocrx_word' id='word_1_164' title='bbox 533 2062 587 2117; x_wconf 76' lang='lat' dir='ltr'>hmo</span> <span class='ocrx_word' id='word_1_165' title='bbox 607 2063 782 2118; x_wconf 77' lang='lat' dir='ltr'>conmodis?</span> <span class='ocrx_word' id='word_1_166' title='bbox 813 2061 844 2115; x_wconf 93' lang='lat' dir='ltr'>A.</span> <span class='ocrx_word' id='word_1_167' title='bbox 857 2060 964 2116; x_wconf 88' lang='lat' dir='ltr'>Minime</span> <span class='ocrx_word' id='word_1_168' title='bbox 984 2079 1050 2117; x_wconf 89' lang='lat' dir='ltr'>vero.</span> 
     </span>
     <span class='ocr_line' id='line_1_24' title="bbox 258 2136 1052 2208; baseline 0.001 -16"><span class='ocrx_word' id='word_1_169' title='bbox 258 2137 298 2192; x_wconf 88' lang='grc' dir='ltr'>Μ.</span> <span class='ocrx_word' id='word_1_170' title='bbox 315 2136 385 2193; x_wconf 79' lang='lat' dir='ltr'>Molo</span> <span class='ocrx_word' id='word_1_171' title='bbox 406 2136 509 2193; x_wconf 88' lang='lat' dir='ltr'>hercule</span> <span class='ocrx_word' id='word_1_172' title='bbox 526 2156 622 2194; x_wconf 84' lang='lat' dir='ltr'>omres.</span> <span class='ocrx_word' id='word_1_173' title='bbox 659 2141 693 2194; x_wconf 88' lang='lat' dir='ltr'>A.</span> <span class='ocrx_word' id='word_1_174' title='bbox 707 2139 779 2193; x_wconf 76' lang='lat' dir='ltr'>Cur?</span> <span class='ocrx_word' id='word_1_175' title='bbox 803 2156 896 2208; x_wconf 85' lang='lat' dir='ltr'>quceso.</span> <span class='ocrx_word' id='word_1_176' title='bbox 933 2137 972 2192; x_wconf 93' lang='lat' dir='ltr'>M.</span> <span class='ocrx_word' id='word_1_177' title='bbox 987 2138 1052 2204; x_wconf 81' lang='lat' dir='ltr'>Quin</span> 
     </span>
     <span class='ocr_line' id='line_1_25' title="bbox 257 2213 1089 2285; baseline -0.001 -18"><span class='ocrx_word' id='word_1_178' title='bbox 257 2213 370 2268; x_wconf 85' lang='lat' dir='ltr'>disertus</span> <span class='ocrx_word' id='word_1_179' title='bbox 387 2232 442 2269; x_wconf 87' lang='lat' dir='ltr'>esse</span> <span class='ocrx_word' id='word_1_180' title='bbox 458 2231 567 2285; x_wconf 83' lang='lat' dir='ltr'>possem,</span> <span class='ocrx_word' id='word_1_181' title='bbox 579 2215 602 2269; x_wconf 88' lang='lat' dir='ltr'>si</span> <span class='ocrx_word' id='word_1_182' title='bbox 619 2221 709 2271; x_wconf 80' lang='lat' dir='ltr'>contre</span> <span class='ocrx_word' id='word_1_183' title='bbox 725 2215 776 2270; x_wconf 85' lang='lat' dir='ltr'>iste</span> <span class='ocrx_word' id='word_1_184' title='bbox 791 2214 907 2270; x_wconf 85' lang='lat' dir='ltr'>dicerem.</span> <span class='ocrx_word' id='word_1_185' title='bbox 942 2216 974 2269; x_wconf 92' lang='lat' dir='ltr'>A.</span> <span class='ocrx_word' id='word_1_186' title='bbox 988 2215 1050 2280; x_wconf 85' lang='lat' dir='ltr'>Quis</span> <span class='ocrx_word' id='word_1_187' title='bbox 1062 2220 1089 2267; x_wconf 90' lang='lat' dir='ltr'>ll</span> 
     </span>
     <span class='ocr_line' id='line_1_26' title="bbox 256 2289 1051 2363; baseline 0.008 -20"><span class='ocrx_word' id='word_1_188' title='bbox 256 2290 325 2344; x_wconf 89' lang='lat' dir='ltr'>enim</span> <span class='ocrx_word' id='word_1_189' title='bbox 338 2308 390 2344; x_wconf 89' lang='lat' dir='ltr'>non</span> <span class='ocrx_word' id='word_1_190' title='bbox 404 2289 432 2345; x_wconf 87' lang='lat' dir='ltr'>in</span> <span class='ocrx_word' id='word_1_191' title='bbox 443 2290 567 2361; x_wconf 85' lang='lat' dir='ltr'>ejusmodi</span> <span class='ocrx_word' id='word_1_192' title='bbox 583 2292 678 2348; x_wconf 75' lang='lat' dir='ltr'>censet</span> <span class='ocrx_word' id='word_1_193' title='bbox 696 2296 742 2346; x_wconf 83' lang='lat' dir='ltr'>eut</span> <span class='ocrx_word' id='word_1_194' title='bbox 754 2290 815 2363; x_wconf 92' lang='lat' dir='ltr'>quid</span> <span class='ocrx_word' id='word_1_195' title='bbox 826 2289 923 2362; x_wconf 78' lang='lat' dir='ltr'>negotii</span> <span class='ocrx_word' id='word_1_196' title='bbox 936 2295 984 2355; x_wconf 89' lang='lat' dir='ltr'>est,</span> <span class='ocrx_word' id='word_1_197' title='bbox 998 2292 1051 2349; x_wconf 81' lang='lat' dir='ltr'>hoec</span> 
     </span>
     <span class='ocr_line' id='line_1_27' title="bbox 257 2366 1051 2440; baseline 0.008 -20"><span class='ocrx_word' id='word_1_198' title='bbox 257 2371 390 2436; x_wconf 80' lang='lat' dir='ltr'>poetarum</span> <span class='ocrx_word' id='word_1_199' title='bbox 405 2369 433 2421; x_wconf 88' lang='lat' dir='ltr'>et</span> <span class='ocrx_word' id='word_1_200' title='bbox 448 2366 574 2436; x_wconf 84' lang='lat' dir='ltr'>pictorum</span> <span class='ocrx_word' id='word_1_201' title='bbox 591 2372 710 2439; x_wconf 80' lang='lat' dir='ltr'>portento</span> <span class='ocrx_word' id='word_1_202' title='bbox 721 2367 889 2423; x_wconf 77' lang='lat' dir='ltr'>convinceret</span> <span class='ocrx_word' id='word_1_203' title='bbox 919 2367 956 2422; x_wconf 89' lang='lat' dir='ltr'>M.</span> <span class='ocrx_word' id='word_1_204' title='bbox 970 2369 1051 2440; x_wconf 83' lang='lat' dir='ltr'>Atqui</span> 
     </span>
     <span class='ocr_line' id='line_1_28' title="bbox 257 2441 1050 2514; baseline 0.005 -17"><span class='ocrx_word' id='word_1_205' title='bbox 257 2441 326 2513; x_wconf 88' lang='lat' dir='ltr'>pleni</span> <span class='ocrx_word' id='word_1_206' title='bbox 347 2447 409 2497; x_wconf 88' lang='lat' dir='ltr'>sunt</span> <span class='ocrx_word' id='word_1_207' title='bbox 429 2442 488 2499; x_wconf 86' lang='lat' dir='ltr'>libri</span> <span class='ocrx_word' id='word_1_208' title='bbox 511 2443 718 2514; x_wconf 86' lang='lat' dir='ltr'>philosophorum</span> <span class='ocrx_word' id='word_1_209' title='bbox 741 2448 831 2499; x_wconf 83' lang='lat' dir='ltr'>contre</span> <span class='ocrx_word' id='word_1_210' title='bbox 853 2444 904 2498; x_wconf 86' lang='lat' dir='ltr'>iste</span> <span class='ocrx_word' id='word_1_211' title='bbox 926 2442 981 2512; x_wconf 84' lang='lat' dir='ltr'>ipsc</span> <span class='ocrx_word' id='word_1_212' title='bbox 1001 2444 1050 2501; x_wconf 88' lang='lat' dir='ltr'>dis·</span> 
     </span>
     <span class='ocr_line' id='line_1_29' title="bbox 257 2519 1047 2590; baseline 0.004 -17"><span class='ocrx_word' id='word_1_213' title='bbox 257 2519 405 2575; x_wconf 89' lang='lat' dir='ltr'>serentium.</span> <span class='ocrx_word' id='word_1_214' title='bbox 430 2521 462 2574; x_wconf 90' lang='lat' dir='ltr'>A.</span> <span class='ocrx_word' id='word_1_215' title='bbox 476 2519 567 2590; x_wconf 85' lang='lat' dir='ltr'>Inepte</span> <span class='ocrx_word' id='word_1_216' title='bbox 579 2538 648 2575; x_wconf 86' lang='lat' dir='ltr'>sane.</span> <span class='ocrx_word' id='word_1_217' title='bbox 679 2520 796 2580; x_wconf 74' lang='lat' dir='ltr'>nonest</span> <span class='ocrx_word' id='word_1_218' title='bbox 808 2520 875 2575; x_wconf 91' lang='lat' dir='ltr'>enim</span> <span class='ocrx_word' id='word_1_219' title='bbox 887 2524 939 2573; x_wconf 83' lang='lat' dir='ltr'>tam</span> <span class='ocrx_word' id='word_1_220' title='bbox 952 2538 1047 2589; x_wconf 84' lang='lat' dir='ltr'>excors,</span> 
     </span>
     <span class='ocr_line' id='line_1_30' title="bbox 257 2595 1049 2666; baseline 0.004 -17"><span class='ocrx_word' id='word_1_221' title='bbox 257 2614 333 2666; x_wconf 90' lang='lat' dir='ltr'>quem</span> <span class='ocrx_word' id='word_1_222' title='bbox 351 2595 402 2650; x_wconf 82' lang='lat' dir='ltr'>iste</span> <span class='ocrx_word' id='word_1_223' title='bbox 418 2597 556 2653; x_wconf 76' lang='lat' dir='ltr'>moveant?</span> <span class='ocrx_word' id='word_1_224' title='bbox 587 2597 628 2651; x_wconf 87' lang='lat' dir='ltr'><strong>M.</strong></span> <span class='ocrx_word' id='word_1_225' title='bbox 645 2595 673 2650; x_wconf 77' lang='lat' dir='ltr'>Si</span> <span class='ocrx_word' id='word_1_226' title='bbox 690 2614 750 2665; x_wconf 80' lang='lat' dir='ltr'>ergo</span> <span class='ocrx_word' id='word_1_227' title='bbox 768 2595 835 2665; x_wconf 82' lang='lat' dir='ltr'>apud</span> <span class='ocrx_word' id='word_1_228' title='bbox 853 2595 946 2649; x_wconf 84' lang='lat' dir='ltr'>inferos</span> <span class='ocrx_word' id='word_1_229' title='bbox 965 2596 1049 2652; x_wconf 89' lang='lat' dir='ltr'>miseri</span> 
     </span>
     <span class='ocr_line' id='line_1_31' title="bbox 255 2670 1062 2743; baseline 0 -18"><span class='ocrx_word' id='word_1_230' title='bbox 255 2688 309 2726; x_wconf 90' lang='lat' dir='ltr'>non</span> <span class='ocrx_word' id='word_1_231' title='bbox 326 2677 395 2738; x_wconf 88' lang='lat' dir='ltr'>sunt,</span> <span class='ocrx_word' id='word_1_232' title='bbox 412 2690 445 2727; x_wconf 90' lang='lat' dir='ltr'>ne</span> <span class='ocrx_word' id='word_1_233' title='bbox 466 2676 526 2727; x_wconf 88' lang='lat' dir='ltr'>sunt</span> <span class='ocrx_word' id='word_1_234' title='bbox 547 2671 647 2743; x_wconf 89' lang='lat' dir='ltr'>quidem</span> <span class='ocrx_word' id='word_1_235' title='bbox 670 2671 739 2743; x_wconf 81' lang='lat' dir='ltr'>opud</span> <span class='ocrx_word' id='word_1_236' title='bbox 756 2671 855 2727; x_wconf 82' lang='lat' dir='ltr'>inieros</span> <span class='ocrx_word' id='word_1_237' title='bbox 869 2670 928 2726; x_wconf 69' lang='lat' dir='ltr'>ut</span> <span class='ocrx_word' id='word_1_238' title='bbox 964 2673 997 2724; x_wconf 75' lang='lat' dir='ltr'>A.</span> <span class='ocrx_word' id='word_1_239' title='bbox 1008 2674 1062 2725; x_wconf 63' lang='lat' dir='ltr'>&#39;ute</span> 
     </span>
     <span class='ocr_line' id='line_1_32' title="bbox 257 2745 1085 2827; baseline -0.011 -25"><span class='ocrx_word' id='word_1_240' title='bbox 257 2765 360 2818; x_wconf 85' lang='lat' dir='ltr'>prorsus</span> <span class='ocrx_word' id='word_1_241' title='bbox 377 2747 502 2803; x_wconf 74' lang='lat' dir='ltr'>existimo.</span> <span class='ocrx_word' id='word_1_242' title='bbox 539 2749 582 2807; x_wconf 90' lang='lat' dir='ltr'>M.</span> <span class='ocrx_word' id='word_1_243' title='bbox 599 2749 657 2810; x_wconf 90' lang='lat' dir='ltr'>Ubi</span> <span class='ocrx_word' id='word_1_244' title='bbox 674 2770 740 2827; x_wconf 75' lang='lat' dir='ltr'>ergo</span> <span class='ocrx_word' id='word_1_245' title='bbox 757 2756 826 2809; x_wconf 78' lang='lat' dir='ltr'>suut</span> <span class='ocrx_word' id='word_1_246' title='bbox 837 2751 872 2821; x_wconf 73' lang='lat' dir='ltr'>n,</span> <span class='ocrx_word' id='word_1_247' title='bbox 882 2765 953 2821; x_wconf 72' lang='lat' dir='ltr'>quos</span> <span class='ocrx_word' id='word_1_248' title='bbox 967 2745 1085 2798; x_wconf 65' lang='lat' dir='ltr'>miseros</span> 
     </span>
     <span class='ocr_line' id='line_1_33' title="bbox 245 2821 1108 2895; baseline 0.01 -23"><span class='ocrx_word' id='word_1_249' title='bbox 245 2821 331 2875; x_wconf 67' lang='lat' dir='ltr'>mers?</span> <span class='ocrx_word' id='word_1_250' title='bbox 347 2827 396 2877; x_wconf 77' lang='lat' dir='ltr'>snt</span> <span class='ocrx_word' id='word_1_251' title='bbox 407 2842 484 2895; x_wconf 87' lang='lat' dir='ltr'>quem</span> <span class='ocrx_word' id='word_1_252' title='bbox 502 2826 593 2889; x_wconf 77' lang='lat' dir='ltr'>locum</span> <span class='ocrx_word' id='word_1_253' title='bbox 608 2831 760 2893; x_wconf 62' lang='lat' dir='ltr'>inminuti</span> <span class='ocrx_word' id='word_1_254' title='bbox 802 2832 840 2889; x_wconf 64' lang='lat' dir='ltr'>Si</span> <span class='ocrx_word' id='word_1_255' title='bbox 853 2828 933 2887; x_wconf 73' lang='lat' dir='ltr'>enixu</span> <span class='ocrx_word' id='word_1_256' title='bbox 947 2825 1108 2880; x_wconf 45' lang='lat' dir='ltr'>susum*</span> 
     </span>
     <span class='ocr_line' id='line_1_34' title="bbox 231 2902 1115 2988; baseline -0.003 -21"><span class='ocrx_word' id='word_1_257' title='bbox 231 2909 308 2957; x_wconf 76' lang='lat' dir='ltr'>quam</span> <span class='ocrx_word' id='word_1_258' title='bbox 327 2912 385 2952; x_wconf 71' lang='lat'>⁶⁸⁸⁰</span> <span class='ocrx_word' id='word_1_259' title='bbox 402 2916 459 2957; x_wconf 71' lang='lat'><em>¹1⁰⁰</em></span> <span class='ocrx_word' id='word_1_260' title='bbox 482 2917 615 2979; x_wconf 79' lang='lat' dir='ltr'>possunt.</span> <span class='ocrx_word' id='word_1_261' title='bbox 663 2916 698 2973; x_wconf 87' lang='lat' dir='ltr'>A.</span> <span class='ocrx_word' id='word_1_262' title='bbox 721 2915 788 2988; x_wconf 74' lang='lat' dir='ltr'>Mqo</span> <span class='ocrx_word' id='word_1_263' title='bbox 810 2927 883 2969; x_wconf 83' lang='lat' dir='ltr'>uero</span> <span class='ocrx_word' id='word_1_264' title='bbox 901 2909 1051 2965; x_wconf 49' lang='lat' dir='ltr'>offiium</span> <span class='ocrx_word' id='word_1_265' title='bbox 1069 2902 1115 2937; x_wconf 46' lang='lat' dir='ltr'>Q*</span> 
     </span>
    </p>
   </div>
   <div class='ocr_carea' id='block_1_7' title="bbox 0 0 1322 3367">
    <p class='ocr_par' dir='ltr' id='par_1_7' title="bbox 0 0 1322 3367">
     <span class='ocr_line' id='line_1_35' title="bbox 0 0 1322 3367; baseline 0 3"><span class='ocrx_word' id='word_1_266' title='bbox 0 0 1322 3367; x_wconf 95' lang='lat' dir='ltr'> </span> 
     </span>
    </p>
   </div>
  </div>
 </body>
</html>
