2634 3367
468 335 537 385 LlB.
554 335 599 383 1v.
622 334 697 383 CAP.
715 334 752 390 21,
766 333 804 380 22.
980 328 1034 381 Idiv

232 448 350 508 occurrat
370 445 398 500 in
418 444 465 500 hac
483 444 630 514 quastione,
643 461 694 513 quo
715 440 796 513 possit
818 438 911 508 attingi
932 436 1026 508 aliquid

232 521 375 585 verisimile,
401 538 451 589 quo
477 520 577 589 longius
602 538 672 573 mens
697 517 805 572 humana
830 514 947 586 progredi
968 532 1026 567 ‘non

232 599 339 668 potest?
375 596 496 650 Definitio
514 595 729 665 perturbationis:
748 596 883 664 quarente
900 592 1025 644 Zenonem

233 694 309 729 usum
325 676 398 744 puto.
436 673 478 725 Ita
489 673 555 725 enim
568 671 663 735 definit,
677 674 706 724 ut
723 668 880 739 perturbatio
893 668 927 721 sit
939 685 1027 721 aversa

234 750 361 804 aratione
377 752 466 803 contra
482 751 599 802 naturam
617 746 693 800 animi
710 744 852 812 commotio,
865 744 905 798 vel
917 743 1025 808 brevius,

234 831 264 879 ut
280 824 439 896 perturbatio
458 823 492 876 sit
509 824 637 892 appetitus
650 820 837 885 vehementior3
855 818 1027 873 vehementior

235 904 321 955 antem
341 898 498 966 intelligatur
516 898 545 963 is,
563 898 606 968 qui
625 897 712 967 procul
731 896 797 951 absit
818 914 833 949 a
853 900 950 949 naturae
968 912 1027 948 cou-

235 974 339 1029 stantia.
365 973 433 1039 Quid
444 972 475 1027 ad
487 973 533 1027 has
546 972 704 1028 definitiones
718 972 810 1043 possim
823 970 924 1025 dicere?
946 970 1025 1040 Atqui
1035 978 1067 1025 48

234 1051 289 1105 hmo
309 1050 428 1121 pleraque
451 1052 511 1103 sunt
536 1049 675 1118 prudenter
697 1053 820 1117 acutoque
841 1046 1025 1101 disserentium.

236 1127 285 1180 Illa
309 1125 411 1195 quidem
435 1143 467 1179 ex
489 1125 620 1179 rhetorum
645 1143 744 1195 pompa,
768 1124 867 1177 ardores
894 1126 1027 1177 animorum

236 1208 346 1272 comque
363 1205 488 1255 virtutum.
524 1202 566 1255 An
581 1219 641 1255 vero
657 1201 695 1254 vir
711 1200 793 1263 fortis,
811 1198 859 1252 nisi
877 1198 1028 1252 stomachari

236 1277 349 1348 coeperit,
367 1294 419 1331 non
436 1281 520 1347 potest
538 1277 612 1331 sortis
630 1278 706 1330 esse?
743 1274 916 1329 Gladiatorum
933 1273 959 1326 id
976 1275 1029 1344 qui·

235 1354 301 1408 dem.
339 1353 498 1423 Quamquam
516 1352 543 1406 in
560 1352 596 1407 eis
614 1352 678 1421 ipsis
695 1350 809 1404 videmus
828 1368 893 1419 saepe
912 1352 1029 1403 constan·

235 1430 306 1483 tiam.
342 1429 534 1499 colloquuntur,
552 1427 758 1499 congrediuntur,
772 1432 921 1497 queruntur,
935 1424 1029 1495 aliquid

235 1504 377 1575 postulant,
393 1508 423 1557 ut
441 1504 520 1574 magis
539 1504 638 1573 placati,
651 1521 726 1573 quam
744 1502 804 1557 irati
821 1520 876 1556 esse
889 1501 1028 1555 videantur.

235 1581 287 1635 Sed
307 1580 334 1634 in
357 1580 400 1633 illo
424 1598 516 1649 genera
537 1580 570 1633 sit
595 1598 655 1634 sane
676 1578 842 1634 Pacideianus
866 1578 956 1649 aliquis
980 1578 1028 1632 hoo

235 1658 327 1721 animo,
340 1659 370 1710 ut
382 1660 468 1711 narrat
480 1654 602 1721 Lucilius,

267 1762 385 1809 Occidam
398 1762 467 1809 illum
479 1761 589 1822 equidem
601 1768 624 1809 et
632 1761 735 1819 vincam,
747 1763 766 1809 si
778 1762 803 1808 id
815 1761 930 1822 quaeritis,
943 1761 1028 1822 iuquit.

266 1833 359 1878 Verum
373 1832 435 1877 illud
447 1832 516 1878 credo
528 1833 589 1878 lore:
608 1832 632 1878 in
645 1847 671 1878 os
683 1833 749 1893 prius
762 1832 878 1891 accipiam
890 1832 950 1891 ipse,

267 1918 343 1963 quam
355 1901 498 1961 gladiumin
510 1902 642 1958 stomacho,
654 1917 717 1957 sura,
730 1916 757 1947 ac
769 1900 918 1960 pulmonibu’
932 1900 995 1945 sisto.

269 1973 318 2017 Odi
330 1972 466 2018 homiuem:
484 1972 559 2017 iratus
569 1987 665 2033 pugno:
684 1986 728 2017 nec
740 1970 831 2029 longiu'
845 1970 982 2029 quidquam'

268 2042 346 2096 nobis,
359 2057 433 2102 quam
445 2042 535 2087 dextrae
547 2042 655 2102 gladium
668 2041 726 2087 dum
738 2040 900 2086 accommodet
912 2039 983 2096 allen

268 2127 345 2172 usque
356 2112 413 2158 adeo
424 2111 504 2158 studio
515 2118 587 2173 atque
599 2110 652 2157 odio
664 2110 731 2156 illius
743 2110 833 2157 ecferor
844 2110 886 2155 ira.

233 2236 235 2240 Α
269 2204 361 2257 XXII.
379 2204 416 2258 At
439 2203 493 2258 sine
516 2204 564 2259 hac
587 2203 737 2275 gladiatoria
761 2202 889 2258 iracundia
914 2202 1069 2262 videmus49

235 2278 440 2348 progredientem
459 2279 526 2350 apud
540 2281 683 2335 Homerum
695 2282 799 2348 Ajacem
817 2279 897 2332 multa
914 2296 970 2332 cum
990 2278 1028 2333 hi·

234 2354 344 2419 laritate,
355 2373 433 2425 quum
444 2354 636 2425 depugnaturus
648 2364 716 2410 esset
729 2373 786 2409 cum
799 2355 928 2410 Hectore:
946 2357 1026 2426 cujus,

236 2434 265 2483 ut
284 2448 355 2483 arma
372 2431 488 2500 sumpsit,
503 2431 626 2501 ingressio
643 2430 758 2485 laetitiam
776 2432 863 2486 attulit
882 2432 963 2496 sociis,
977 2437 1029 2486 ter-

234 2523 318 2559 rorem
337 2510 423 2559 autem
441 2506 571 2561 hostibus:
596 2510 626 2559 ut
643 2506 727 2576 ipsum
746 2507 893 2576 Hectorem,
912 2507 1030 2579 quemad·

234 2580 339 2634 modum
361 2586 402 2634 est
423 2581 492 2650 apud
512 2583 661 2647 Homerum,
682 2587 738 2637 toto
758 2589 860 2653 pectore
879 2589 1030 2638 trementem

234 2673 387 2725 provocasse
403 2655 435 2708 ad
453 2674 563 2725 pugnam
581 2658 725 2726 poeniteret.
760 2660 845 2729 Atque
863 2660 896 2723 hi,
911 2660 1031 2713 collocuti

233 2731 303 2785 inter
327 2749 363 2795 se,
388 2732 533 2801 priusquam
562 2750 664 2787 manum
695 2738 863 2798 consererent,
888 2735 979 2787 leniter
1003 2741 1029 2786 et

235 2807 329 2877 quiete,
340 2806 403 2860 nihil
415 2825 446 2860 ne
458 2807 486 2860 in
496 2809 552 2877 ipsa
561 2808 662 2879 quidem
673 2827 764 2881 pugna
771 2808 1042 2865 iracunderub'mseae

222 2883 352 2954 ,feceruut
388 2882 446 2951 Ego
466 2902 499 2940 ne
519 2884 687 2959 Torquatum
705 2888 817 2963 qdrdem
834 2887 928 2949 illum,
941 2880 1069 2952 quamne
