2634 3367
296 333 328 380 68
431 330 626 379 TUSCULAN.
645 326 942 377 DISPUTATIONUM

259 461 292 509 89
333 450 424 505 XVII.
443 449 517 514 Vide,
535 467 608 520 qnam
626 467 678 503 non
695 447 812 502 flebiliter
828 444 993 515 respondeat:
1012 443 1090 497 ratio-

298 545 354 581 nem
368 526 444 581 etiem
457 526 553 593 afferet,
566 542 612 579 cnr
624 542 697 594 aequo
709 524 792 578 anino
805 522 854 577 sibi
865 520 996 576 ferendum
1010 521 1059 574 sit:

456 668 489 677 -
501 642 532 690 E.
545 642 595 691 Qui
607 642 676 689 alteri
688 641 790 689 exitium
801 647 876 703 parat,

330 729 387 761 eum
408 715 469 760 scire
490 719 583 775 oportet
601 709 647 760 sibi
666 721 774 774 paratam
794 714 894 774 pestem.
915 715 942 756 ut
963 708 1090 771 participet

647 799 737 846 parem.

298 881 417 938 Abdncet
433 883 571 948 Patrocles,
584 883 668 948 credo,
680 887 711 938 ut
727 882 832 938 collocet
849 882 876 935 in
892 879 976 946 cubili,
987 882 1018 933 ut
1035 879 1090 933 vul·

230 1030 233 1036 Ι
297 977 346 1014 nus
364 959 475 1030 obliget:
494 961 516 1014 si
534 959 634 1031 quidem
652 960 728 1013 homo
743 962 791 1013 est.
827 957 878 1012 Sed
894 955 958 1011 nihil
973 954 1025 1010 vidi
1042 955 1089 1008 mi·

296 1052 354 1091 nus.
390 1035 486 1101 Quoerit
498 1036 574 1102 enim,
587 1035 648 1107 quid
660 1040 745 1091 actum
757 1034 799 1089 sit.

327 1180 361 1190 -
372 1155 400 1202 P.
412 1154 548 1217 Eloquere:
566 1158 604 1202 res
617 1154 736 1216 Argivum
747 1153 830 1215 praelio
842 1158 870 1198 ut
882 1166 907 1197 se
919 1149 1027 1197 sustinet

329 1225 359 1275 Ε.
373 1226 430 1274 Non
443 1224 509 1289 potis
524 1226 597 1273 ecfari
612 1229 706 1307 tentum
721 1224 799 1280 dictis,
812 1225 927 1285 qututum
943 1222 1013 1268 factis
1027 1222 1086 1283 strp-

326 1365 420 1416 labori'.
444 1367 472 1415 P.
486 1303 675 1427 Quiesediegller
684 1391 718 1401 —
728 1372 751 1412 et
761 1364 850 1411 vulnus
862 1363 943 1425 alliga.

296 1466 392 1536 (Etiam
404 1467 427 1522 si
438 1466 583 1537 Eurypylus
594 1471 690 1537 posset,
703 1484 754 1521 non
766 1468 852 1537 posset
864 1462 997 1534 AEsopus.)

485 1568 515 1615 E.
526 1594 560 1603 —
570 1569 612 1616 nbi
622 1569 719 1615 fortune
732 1569 845 1616 Hectoris

325 1643 431 1685 nostram
443 1640 522 1684 torem
533 1638 610 1685 aciem
620 1639 758 1686 incliudtam
767 1665 800 1675 -

293 1724 320 1776 et
332 1725 416 1776 cetera
432 1721 540 1791 explicat
553 1723 579 1776 in
590 1722 685 1778 dolore.
722 1724 765 1778 Sic
777 1726 816 1778 est
832 1724 898 1777 enim
914 1722 1085 1792 intemperans

293 1797 408 1852 militaris
419 1798 447 1852 in
458 1798 520 1852 lorti
531 1798 585 1853 viro
597 1798 686 1869 gloria.
720 1801 789 1870 Ergo
801 1800 854 1854 boec
866 1803 1000 1853 veteranus
1012 1798 1084 1852 miles

292 1872 375 1929 lacere
388 1874 495 1945 poterit:
515 1874 605 1929 doctus
617 1875 656 1929 vir
669 1876 818 1946 sapiensque
829 1893 882 1930 non
893 1875 1006 1946 poterit?
1037 1874 1084 1929 Ille

251 1958 284 2007 40
293 1967 352 2004 vero
364 1950 461 2016 melius,
471 1968 501 2006 ec
512 1969 563 2006 non
574 1952 658 2022 paullo
668 1951 776 2022 quidem.
802 1952 853 2006 Sed
861 1951 893 2006 de
902 1949 1084 2005 consuetudine

292 2024 374 2081 adhuc
389 2028 576 2083 exercitationis
593 2028 691 2099 loquor,
709 2026 820 2083 nondum
838 2027 870 2081 de
886 2027 984 2081 ratione
1000 2030 1026 2080 et
1044 2044 1084 2080 so-

291 2102 393 2171 pientin
428 2104 543 2159 Aniculae
561 2123 627 2174 saepe
650 2103 759 2158 inediam
780 2102 884 2159 biduum
905 2106 950 2156 aut
969 2102 1083 2156 triduum

290 2177 384 2234 lerunt.
422 2179 524 2235 Subduc
548 2180 631 2235 cibum
655 2200 736 2235 unum
759 2181 825 2235 diem
849 2179 966 2234 athlete:
991 2178 1082 2233 Jovem

292 2253 443 2324 Olympium,
465 2256 634 2327 camimum,
656 2258 699 2311 cui
718 2275 746 2311 sc
767 2257 901 2322 exercebit,
922 2254 1080 2324 implorabit:

290 2328 357 2383 ferre
368 2348 419 2384 non
435 2348 509 2399 posse
525 2332 690 2387 acclamabit.
726 2333 924 2388 consuetudinis
940 2349 1032 2402 magna
1043 2330 1082 2386 vis

290 2408 339 2458 est.
375 2406 530 2460 Pomoctant
542 2411 674 2461 venatores
691 2408 717 2461 in
730 2409 803 2464 nive:
822 2410 849 2464 in
861 2408 989 2464 montibus
1001 2408 1042 2462 uri
1054 2426 1081 2462 se

290 2479 430 2550 patiuntur.
478 2481 541 2536 Inde
567 2482 666 2551 pugiles
690 2484 809 2540 cestibus
833 2485 933 2540 contusi
956 2503 988 2539 ne
1010 2485 1081 2555 inge·

249 2563 279 2610 41
290 2556 400 2611 miscunt
419 2556 527 2628 quidem.
564 2557 615 2612 Sed
638 2559 698 2630 quid
721 2560 775 2628 hos,
795 2561 887 2632 quibus
906 2561 1078 2631 Olympiorum

288 2632 396 2687 victoria
414 2635 560 2688 consulatus
581 2634 623 2690 ille
642 2636 762 2707 antiquus
782 2637 905 2693 ridetur?
928 2637 1080 2709 gladiatores

288 2713 333 2763 ent
345 2708 437 2779 perditi
449 2710 563 2765 homines
579 2715 623 2765 out
635 2711 736 2768 barbari
748 2732 810 2784 quas
827 2714 913 2784 plagas
929 2713 1080 2783 perferunt?

276 2802 332 2849 qno
344 2785 424 2839 modo
439 2786 484 2852 illi,
500 2787 545 2859 qui
558 2786 621 2843 bene
638 2788 753 2844 instituti
770 2794 839 2858 sunt,
851 2790 963 2859 accipere
980 2789 1080 2861 plagam

254 2854 367 2922 ffllflvt,
396 2880 477 2933 quam
505 2866 622 2940 turpiter
646 2867 752 2926 vitaret
784 2884 864 2940 quom
884 2882 954 2935 sape
974 2871 1089 2933 apparo.
