2634 3367
486 334 552 383 LIB.
567 336 609 382 lv.
629 336 701 383 CAP.
716 336 739 393 7,
751 337 774 384 8.
980 340 1025 386 125

226 446 310 515 pigrit
299 445 343 508 t‚ia
363 444 481 512 pudor,t
482 464 560 509 error,
579 446 663 509 timor,
683 463 768 514 pavor,
788 446 946 511 exanimatio,
967 466 1024 502 eon·

225 521 352 583 turbatio,
366 520 488 585 lormido;
507 522 637 590 voluptati
649 522 830 585 malevolentia,
845 522 945 610 [latam
961 526 1026 578 malo

226 596 333 665 alienu]
347 595 779 665 delectat't‚10acta10taimilia3
797 597 968 663 tittdtntira,
982 619 1025 654 ex-

226 672 414 737 candescentia,
439 672 565 734 οιιιιιιιι,ι
557 673 663 727 inimicit
665 673 696 737 ia,
721 672 852 740 discordia,
877 674 1024 746 indigentia,

227 748 390 812 desiderium,
404 752 430 801 et
442 754 527 803 cetera
538 749 670 818 ejusmodi.

264 824 345 878 VIII.
365 824 485 878 Haect
441 829 485 878 aut
486 844 525 878 em
539 825 662 880 definiunt
674 825 722 879 hoo
734 824 816 879 modo.
844 826 1025 880 Invideatr'am
1036 832 1066 884 17

227 919 286 954 esse
299 900 388 954 dicunt
404 901 579 970 aegritudinem
596 906 739 971 susceptam
752 906 855 973 propter
867 903 902 956 alt
891 903 971 957 terius
983 922 1024 958 res

229 976 363 1040 s,ecundas
386 996 441 1047 quae
461 977 524 1031 nihil
547 983 655 1031 noceant
675 976 807 1031 invidenti.
843 978 911 1033 Nam
935 979 957 1033 si
981 980 1024 1050 qui

227 1053 314 1105 doleat
335 1055 391 1120 ejus
412 1053 487 1107 rebus
511 1052 672 1120 secundina
655 1072 743 1125 aquo
767 1046 821 1123 ipse
840 1053 953 1120 laedatur,
974 1073 1024 1109 non

226 1132 299 1182 reete
271 1127 416 1182 tdieatur
433 1128 610 1194 invidere3t
581 1134 610 1183 ut
628 1129 651 1183 si
668 1130 737 1184 Hect
725 1134 775 1183 ιοιι
768 1129 959 1199 'Agamemnoz
980 1133 1023 1201 qui

226 1225 260 1260 au
262 1210 322 1269 tem,
336 1205 376 1259 cui
395 1205 499 1259 alterius
513 1206 643 1259 commoda
660 1206 724 1260 nihil
740 1209 855 1272 noceant,
867 1210 953 1260 tamen
965 1225 1022 1261 euru

225 1281 313 1335 doleat
330 1281 370 1335 liis
388 1282 445 1345 ιιοι,
461 1282 483 1335 ιο
501 1282 597 1336 invidet
615 1282 737 1353 pmfecto
773 1281 982 1337 AEmalatiot
938 1286 982 1337 ant
983 1301 1022 1338 em

225 1357 335 1427 duplicit
336 1376 363 1412 er
324 1357 417 1411 tilla
429 1358 530 1428 quidem
543 1358 652 1425 dieitur;
671 1363 701 1413 nt
689 1357 763 1413 ett
755 1377 783 1412 ιιι
798 1356 910 1411 laude
883 1361 910 1412 e
921 1356 947 1411 in
960 1358 996 1412 vit
997 1359 1022 1412 io

225 1452 321 1487 nomen
346 1434 452 1488 hoot
418 1434 461 1488 sit.
497 1434 565 1488 Nam
588 1438 615 1489 et
638 1401 747 1490 imitatio
769 1434 872 1489 virtutis
895 1434 1004 1488 amulat
985 1439 1022 1490 tro

225 1509 336 1564 dicitur:
357 1509 413 1577 (sed
432 1528 462 1564 ea
479 1510 542 1564 nihil
559 1510 607 1565 hoe
624 1510 680 1566 loeo
695 1511 807 1577 utimur3
829 1514 868 1565 est
884 1510 949 1564 enim
969 1510 1022 1566 lau-

225 1586 266 1639 dis
276 1586 296 1654 z)
320 1589 346 1639 et
358 1589 398 1639 est
386 1585 519 1640 taet'mula
500 1590 537 1640 ιιο
549 1586 713 1656 aegritudo,
693 1606 715 1641 οι
727 1604 765 1654 οο,
777 1586 844 1658 quod
856 1587 1019 1657 concupierit,

225 1662 292 1716 alius
310 1662 431 1732 potiatur,
450 1662 504 1731 ipse
522 1667 614 1717 careat.
653 1664 802 1718 Obtrectatio
820 1667 905 1717 autem
923 1667 963 1717 eat
981 1683 1017 1729 ea,
1031 1680 1060 1726 ιο

224 1756 303 1806 quam
323 1737 430 1808 intelligi
452 1738 601 1809 zelotypiam
620 1737 684 1803 volo,
703 1738 827 1810 agritudo
846 1756 877 1792 ex
895 1756 932 1803 eo,
952 1740 1020 1810 quod

224 1812 291 1867 alter
303 1831 403 1883 quoqne
415 1814 528 1883 potiatur
541 1832 578 1878 eo,
592 1813 660 1884 quod
671 1814 726 1885 ipse
738 1814 917 1884 concupiverit.
943 1815 1019 1868 Mise-

224 1890 340 1942 rt'corda'a
358 1892 398 1942 est
416 1889 540 1960 egritudo
553 1908 584 1943 ex
600 1890 702 1944 miseria
717 1890 752 1943 alt
754 1890 828 1953 erius,
845 1888 936 1977 injuria
951 1888 1019 1943 labo-

223 1965 314 2018 rantis.
350 1964 435 2019 Nemo
453 1966 520 2019 enim
537 1966 667 2036 parricidae
684 1969 728 2019 aut
745 1964 828 2035 prodit
829 1965 880 2018 oris
896 1964 1018 2034 supplicio

223 2040 397 2094 misericordia
418 2046 599 2096 commovetur
635 2043 728 2109 Ampor
748 2044 821 2109 aegnt
802 2038 872 2093 'tudo
893 2057 1017 2168 premens.

223 2104 325 2169 Izttitua
347 2121 420 2186 aegnt
401 2116 472 2171 'tudo
495 2135 526 2171 ex
551 2118 613 2188 ejus,
638 2116 682 2187 qui
705 2134 778 2171 carus
802 2114 886 2179 fuerit,
911 2114 1017 2171 interitu

223 2190 323 2246 acerbo.
358 2193 455 2245 Maeror
467 2193 591 2263 agritudo
606 2192 705 2247 flebilis
741 2193 877 2244 AErumao
892 2194 965 2261 ae'grrt
946 2190 1016 2246 tudo

222 2266 356 2320 laboriosa.
386 2268 469 2321 Dolor
481 2269 605 2339 aegritudo
617 2268 740 2329 crucians,
768 2268 931 2320 Lorneatatio
943 2267 1016 2338 aegri-

223 2341 289 2395 tudo
297 2360 353 2396 cnm
367 2342 472 2412 ejulatu.
498 2345 638 2399 Soliaitudo
649 2343 773 2415 agritudo
783 2362 840 2398 oum
853 2342 1013 2413 cogitatione.

222 2419 341 2472 Modestia
353 2419 477 2489 agritudo
489 2438 645 2491 permanens.
671 2421 810 2491 Afflictatio
822 2419 945 2489 agritudo
957 2438 1014 2476 cum

223 2495 357 2549 vexatione
369 2496 489 2566 corporis.
513 2498 662 2567 Daaperata'o
672 2496 795 2568 [egritudo
805 2496 858 2550 sine
869 2496 921 2551 nlla
929 2515 1013 2552 rerum

222 2572 412 2639 exspectatione
424 2572 564 2627 meliorum.
592 2573 657 2632 Quae
670 2578 754 2626 autem
767 2571 882 2642 subjecta
893 2580 953 2625 sunt
965 2573 1013 2627 sub

221 2652 327 2709 metum,
352 2664 382 2699 ea
405 2646 442 2701 sic
466 2646 608 2702 definiunt:
639 2649 781 2719 Pipritiam
807 2651 902 2701 metum
926 2665 1013 2701 eonse-

222 2722 324 2791 qnentis
345 2721 452 2775 laboris:
473 2723 607 2777 Pudorem
626 2731 653 2777 et
671 2734 788 2778 terrorem
806 2726 902 2776 metum
922 2739 1013 2775 οοιιοιι·
1024 2737 1052 2780 19

220 2797 335 2860 tientem,
349 2815 380 2850 ex
398 2815 447 2867 quo
458 2797 496 2862 fit,
509 2801 539 2852 ut
556 2798 681 2869 pudorem
695 2798 785 2863 ruitur,
793 2802 925 2850 temonem
937 2796 1024 2861 οοιιοι

219 2877 246 2925 et
264 2877 359 2925 tremor
374 2878 402 2927 et
419 2872 539 2933 dentium
559 2876 680 2951 crepitus
699 2876 880 2947 contenduntur
888 2888 902 2922 ·.
921 2871 1051 2919 sammua
