<?xml version="1.0" encoding="UTF-8"?>
<!DOCTYPE html PUBLIC "-//W3C//DTD XHTML 1.0 Transitional//EN"
    "http://www.w3.org/TR/xhtml1/DTD/xhtml1-transitional.dtd">
<html xmlns="http://www.w3.org/1999/xhtml" xml:lang="en" lang="en">
 <head>
  <title>
</title>
<meta http-equiv="Content-Type" content="text/html;charset=utf-8" />
  <meta name='ocr-system' content='tesseract 3.04.00' />
  <meta name='ocr-capabilities' content='ocr_page ocr_carea ocr_par ocr_line ocrx_word'/>
</head>
<body>
  <div class='ocr_page' id='page_1' title='image "./mtulliiciceroni09cicegoog/mtulliiciceroni09cicegoog_0053.png"; bbox 0 0 2634 3367; ppageno 0'>
   <div class='ocr_carea' id='block_1_1' title="bbox 419 330 1030 388">
    <p class='ocr_par' dir='ltr' id='par_1_1' title="bbox 419 330 1030 388">
     <span class='ocr_line' id='line_1_1' title="bbox 419 330 1030 388; baseline 0.008 -11"><span class='ocrx_word' id='word_1_1' title='bbox 419 348 426 360; x_wconf 92' lang='lat'><em>·</em></span> <span class='ocrx_word' id='word_1_2' title='bbox 482 330 549 379; x_wconf 73' lang='grc' dir='ltr'><strong>ΗΒ.</strong></span> <span class='ocrx_word' id='word_1_3' title='bbox 563 331 583 378; x_wconf 94' lang='lat'><strong>1.</strong></span> <span class='ocrx_word' id='word_1_4' title='bbox 602 331 676 379; x_wconf 83' lang='lat' dir='ltr'>CAP.</span> <span class='ocrx_word' id='word_1_5' title='bbox 688 333 728 388; x_wconf 77' lang='lat'><strong>45,</strong></span> <span class='ocrx_word' id='word_1_6' title='bbox 740 331 779 379; x_wconf 81' lang='lat'><strong>46.</strong></span> <span class='ocrx_word' id='word_1_7' title='bbox 999 335 1030 384; x_wconf 75' lang='lat'><strong>47</strong></span> 
     </span>
    </p>
   </div>
   <div class='ocr_carea' id='block_1_2' title="bbox 237 438 1092 2866">
    <p class='ocr_par' dir='ltr' id='par_1_2' title="bbox 237 438 1092 2866">
     <span class='ocr_line' id='line_1_2' title="bbox 238 438 1030 509; baseline -0.003 -12"><span class='ocrx_word' id='word_1_8' title='bbox 238 444 324 497; x_wconf 86' lang='lat' dir='ltr'><strong>autem</strong></span> <span class='ocrx_word' id='word_1_9' title='bbox 333 438 510 495; x_wconf 79' lang='lat' dir='ltr'><strong>consuetudini</strong></span> <span class='ocrx_word' id='word_1_10' title='bbox 522 439 644 509; x_wconf 74' lang='lat' dir='ltr'><strong>famaque</strong></span> <span class='ocrx_word' id='word_1_11' title='bbox 653 439 763 494; x_wconf 89' lang='lat' dir='ltr'><strong>dandum</strong></span> <span class='ocrx_word' id='word_1_12' title='bbox 776 441 818 502; x_wconf 83' lang='lat' dir='ltr'><strong>ait,</strong></span> <span class='ocrx_word' id='word_1_13' title='bbox 830 438 857 493; x_wconf 92' lang='lat' dir='ltr'><strong>id</strong></span> <span class='ocrx_word' id='word_1_14' title='bbox 868 442 958 495; x_wconf 89' lang='lat' dir='ltr'><strong>curent</strong></span> <span class='ocrx_word' id='word_1_15' title='bbox 968 440 1030 505; x_wconf 85' lang='lat' dir='ltr'><strong>riri;</strong></span> 
     </span>
     <span class='ocr_line' id='line_1_3' title="bbox 237 515 978 586; baseline -0.004 -13"><span class='ocrx_word' id='word_1_16' title='bbox 237 518 283 573; x_wconf 81' lang='lat' dir='ltr'><strong>aad</strong></span> <span class='ocrx_word' id='word_1_17' title='bbox 295 518 340 582; x_wconf 90' lang='lat' dir='ltr'><strong>ita,</strong></span> <span class='ocrx_word' id='word_1_18' title='bbox 353 520 384 570; x_wconf 92' lang='lat' dir='ltr'><strong>ut</strong></span> <span class='ocrx_word' id='word_1_19' title='bbox 395 515 547 586; x_wconf 81' lang='lat' dir='ltr'><strong>intelligant,</strong></span> <span class='ocrx_word' id='word_1_20' title='bbox 559 516 623 569; x_wconf 90' lang='lat' dir='ltr'>nihil</span> <span class='ocrx_word' id='word_1_21' title='bbox 635 516 660 570; x_wconf 92' lang='lat' dir='ltr'><strong>id</strong></span> <span class='ocrx_word' id='word_1_22' title='bbox 673 515 705 570; x_wconf 88' lang='lat' dir='ltr'><strong>ad</strong></span> <span class='ocrx_word' id='word_1_23' title='bbox 718 521 831 571; x_wconf 75' lang='lat' dir='ltr'><strong>mortuos</strong></span> <span class='ocrx_word' id='word_1_24' title='bbox 844 517 978 586; x_wconf 88' lang='lat' dir='ltr'><strong>pertinere.</strong></span> 
     </span>
     <span class='ocr_line' id='line_1_4' title="bbox 273 592 1031 664; baseline -0.004 -14"><span class='ocrx_word' id='word_1_25' title='bbox 273 594 326 650; x_wconf 80' lang='lat' dir='ltr'><strong>Sed</strong></span> <span class='ocrx_word' id='word_1_26' title='bbox 343 595 459 664; x_wconf 80' lang='lat' dir='ltr'><strong>profecto</strong></span> <span class='ocrx_word' id='word_1_27' title='bbox 476 610 544 647; x_wconf 84' lang='lat' dir='ltr'><strong>mora</strong></span> <span class='ocrx_word' id='word_1_28' title='bbox 561 596 616 646; x_wconf 88' lang='lat' dir='ltr'><strong>tum</strong></span> <span class='ocrx_word' id='word_1_29' title='bbox 635 592 778 663; x_wconf 74' lang='lat' dir='ltr'><strong>aequissimo</strong></span> <span class='ocrx_word' id='word_1_30' title='bbox 795 593 879 648; x_wconf 91' lang='lat' dir='ltr'><strong>animo</strong></span> <span class='ocrx_word' id='word_1_31' title='bbox 893 594 1031 663; x_wconf 86' lang='lat' dir='ltr'><strong>oppetitur,</strong></span> 
     </span>
     <span class='ocr_line' id='line_1_5' title="bbox 238 667 1033 743; baseline -0.003 -17"><span class='ocrx_word' id='word_1_32' title='bbox 238 689 320 743; x_wconf 88' lang='lat' dir='ltr'><strong>quum</strong></span> <span class='ocrx_word' id='word_1_33' title='bbox 337 669 390 724; x_wconf 85' lang='lat' dir='ltr'><strong>suia</strong></span> <span class='ocrx_word' id='word_1_34' title='bbox 408 687 436 723; x_wconf 84' lang='lat' dir='ltr'><strong>aa</strong></span> <span class='ocrx_word' id='word_1_35' title='bbox 452 667 570 723; x_wconf 76' lang='lat' dir='ltr'><strong>laudibus</strong></span> <span class='ocrx_word' id='word_1_36' title='bbox 587 669 641 723; x_wconf 86' lang='lat' dir='ltr'><strong>vita</strong></span> <span class='ocrx_word' id='word_1_37' title='bbox 659 668 776 724; x_wconf 76' lang='lat' dir='ltr'><strong>occidens</strong></span> <span class='ocrx_word' id='word_1_38' title='bbox 797 669 921 724; x_wconf 80' lang='lat' dir='ltr'><strong>consolari</strong></span> <span class='ocrx_word' id='word_1_39' title='bbox 940 675 1033 739; x_wconf 74' lang='lat' dir='ltr'><strong>potest.</strong></span> 
     </span>
     <span class='ocr_line' id='line_1_6' title="bbox 238 744 1033 817; baseline -0.003 -14"><span class='ocrx_word' id='word_1_40' title='bbox 238 749 325 803; x_wconf 85' lang='lat' dir='ltr'><strong>Nemo</strong></span> <span class='ocrx_word' id='word_1_41' title='bbox 342 763 430 816; x_wconf 87' lang='lat' dir='ltr'><strong>parum</strong></span> <span class='ocrx_word' id='word_1_42' title='bbox 449 744 494 800; x_wconf 90' lang='lat' dir='ltr'><strong>diu</strong></span> <span class='ocrx_word' id='word_1_43' title='bbox 510 745 582 808; x_wconf 82' lang='lat' dir='ltr'><strong>vixit,</strong></span> <span class='ocrx_word' id='word_1_44' title='bbox 602 745 646 814; x_wconf 91' lang='lat' dir='ltr'><strong>qui</strong></span> <span class='ocrx_word' id='word_1_45' title='bbox 662 745 766 801; x_wconf 78' lang='lat' dir='ltr'><strong>virtutis</strong></span> <span class='ocrx_word' id='word_1_46' title='bbox 784 745 902 817; x_wconf 79' lang='lat' dir='ltr'><strong>perfecta</strong></span> <span class='ocrx_word' id='word_1_47' title='bbox 920 746 1033 815; x_wconf 69' lang='lat' dir='ltr'><strong>perlecto</strong></span> 
     </span>
     <span class='ocr_line' id='line_1_7' title="bbox 238 820 1034 891; baseline -0.004 -13"><span class='ocrx_word' id='word_1_48' title='bbox 238 824 345 878; x_wconf 84' lang='lat' dir='ltr'><strong>functus</strong></span> <span class='ocrx_word' id='word_1_49' title='bbox 357 825 397 876; x_wconf 82' lang='lat' dir='ltr'><strong>eet</strong></span> <span class='ocrx_word' id='word_1_50' title='bbox 408 838 520 876; x_wconf 87' lang='lat' dir='ltr'><strong>munera.</strong></span> <span class='ocrx_word' id='word_1_51' title='bbox 556 821 643 875; x_wconf 86' lang='lat' dir='ltr'><strong>Multa</strong></span> <span class='ocrx_word' id='word_1_52' title='bbox 654 821 780 891; x_wconf 83' lang='lat' dir='ltr'><strong>mihiipsi</strong></span> <span class='ocrx_word' id='word_1_53' title='bbox 796 820 829 876; x_wconf 91' lang='lat' dir='ltr'><strong>ad</strong></span> <span class='ocrx_word' id='word_1_54' title='bbox 846 825 954 876; x_wconf 85' lang='lat' dir='ltr'><strong>mortem</strong></span> <span class='ocrx_word' id='word_1_55' title='bbox 969 825 1034 876; x_wconf 90' lang='lat' dir='ltr'><strong>tem-</strong></span> 
     </span>
     <span class='ocr_line' id='line_1_8' title="bbox 239 897 1034 971; baseline -0.001 -18"><span class='ocrx_word' id='word_1_56' title='bbox 239 900 341 971; x_wconf 81' lang='lat' dir='ltr'><strong>pestira</strong></span> <span class='ocrx_word' id='word_1_57' title='bbox 356 898 476 952; x_wconf 81' lang='lat' dir='ltr'><strong>inerunt:</strong></span> <span class='ocrx_word' id='word_1_58' title='bbox 496 916 571 969; x_wconf 89' lang='lat' dir='ltr'><strong>quam</strong></span> <span class='ocrx_word' id='word_1_59' title='bbox 589 898 686 952; x_wconf 89' lang='lat' dir='ltr'><strong>utinam</strong></span> <span class='ocrx_word' id='word_1_60' title='bbox 705 898 844 968; x_wconf 72' lang='lat' dir='ltr'><strong>potuissem</strong></span> <span class='ocrx_word' id='word_1_61' title='bbox 853 897 940 952; x_wconf 85' lang='lat' dir='ltr'><strong>obire!</strong></span> <span class='ocrx_word' id='word_1_62' title='bbox 961 897 1034 952; x_wconf 94' lang='lat' dir='ltr'><strong>Nihil</strong></span> 
     </span>
     <span class='ocr_line' id='line_1_9' title="bbox 239 972 1034 1044; baseline -0.004 -13"><span class='ocrx_word' id='word_1_63' title='bbox 239 976 308 1031; x_wconf 88' lang='lat' dir='ltr'><strong>enim</strong></span> <span class='ocrx_word' id='word_1_64' title='bbox 328 977 382 1044; x_wconf 90' lang='lat' dir='ltr'><strong>jam</strong></span> <span class='ocrx_word' id='word_1_65' title='bbox 406 972 597 1044; x_wconf 75' lang='lat' dir='ltr'><strong>acquirebatur:</strong></span> <span class='ocrx_word' id='word_1_66' title='bbox 619 973 748 1029; x_wconf 88' lang='lat' dir='ltr'><strong>cumulata</strong></span> <span class='ocrx_word' id='word_1_67' title='bbox 767 977 840 1028; x_wconf 89' lang='lat' dir='ltr'><strong>crant</strong></span> <span class='ocrx_word' id='word_1_68' title='bbox 860 974 940 1029; x_wconf 86' lang='lat' dir='ltr'><strong>officia</strong></span> <span class='ocrx_word' id='word_1_69' title='bbox 958 975 1034 1029; x_wconf 81' lang='lat' dir='ltr'><strong>vita:</strong></span> 
     </span>
     <span class='ocr_line' id='line_1_10' title="bbox 240 1049 1034 1120; baseline -0.005 -13"><span class='ocrx_word' id='word_1_70' title='bbox 240 1070 299 1107; x_wconf 89' lang='lat' dir='ltr'><strong>cum</strong></span> <span class='ocrx_word' id='word_1_71' title='bbox 312 1051 416 1104; x_wconf 78' lang='lat' dir='ltr'><strong>fortuna</strong></span> <span class='ocrx_word' id='word_1_72' title='bbox 426 1049 492 1105; x_wconf 86' lang='lat' dir='ltr'><strong>bella</strong></span> <span class='ocrx_word' id='word_1_73' title='bbox 503 1049 641 1105; x_wconf 76' lang='lat' dir='ltr'><strong>restabant.</strong></span> <span class='ocrx_word' id='word_1_74' title='bbox 668 1051 759 1116; x_wconf 82' lang='lat' dir='ltr'><strong>Quare,</strong></span> <span class='ocrx_word' id='word_1_75' title='bbox 773 1050 795 1104; x_wconf 83' lang='lat' dir='ltr'><strong>ai</strong></span> <span class='ocrx_word' id='word_1_76' title='bbox 807 1051 863 1120; x_wconf 84' lang='lat' dir='ltr'><strong>ipaa</strong></span> <span class='ocrx_word' id='word_1_77' title='bbox 874 1050 939 1104; x_wconf 87' lang='lat' dir='ltr'><strong>ratio</strong></span> <span class='ocrx_word' id='word_1_78' title='bbox 950 1050 1034 1103; x_wconf 82' lang='lat' dir='ltr'><strong>minua</strong></span> 
     </span>
     <span class='ocr_line' id='line_1_11' title="bbox 240 1126 1035 1198; baseline -0.004 -17"><span class='ocrx_word' id='word_1_79' title='bbox 240 1126 364 1198; x_wconf 87' lang='lat' dir='ltr'><strong>perficiet,</strong></span> <span class='ocrx_word' id='word_1_80' title='bbox 380 1129 412 1180; x_wconf 91' lang='lat' dir='ltr'><strong>ut</strong></span> <span class='ocrx_word' id='word_1_81' title='bbox 429 1129 536 1180; x_wconf 84' lang='lat' dir='ltr'><strong>mortem</strong></span> <span class='ocrx_word' id='word_1_82' title='bbox 554 1126 684 1197; x_wconf 78' lang='lat' dir='ltr'><strong>negligere</strong></span> <span class='ocrx_word' id='word_1_83' title='bbox 701 1126 845 1197; x_wconf 76' lang='lat' dir='ltr'><strong>poscimus:</strong></span> <span class='ocrx_word' id='word_1_84' title='bbox 863 1129 890 1179; x_wconf 90' lang='lat' dir='ltr'><strong>at</strong></span> <span class='ocrx_word' id='word_1_85' title='bbox 907 1126 960 1180; x_wconf 83' lang='lat' dir='ltr'><strong>vita</strong></span> <span class='ocrx_word' id='word_1_86' title='bbox 978 1130 1035 1179; x_wconf 85' lang='lat' dir='ltr'><strong>acta</strong></span> 
     </span>
     <span class='ocr_line' id='line_1_12' title="bbox 240 1199 1035 1274; baseline -0.006 -17"><span class='ocrx_word' id='word_1_87' title='bbox 240 1202 364 1274; x_wconf 88' lang='lat' dir='ltr'><strong>perficiat,</strong></span> <span class='ocrx_word' id='word_1_88' title='bbox 383 1205 413 1257; x_wconf 93' lang='lat' dir='ltr'><strong>ut</strong></span> <span class='ocrx_word' id='word_1_89' title='bbox 430 1202 493 1256; x_wconf 81' lang='lat' dir='ltr'><strong>eatis</strong></span> <span class='ocrx_word' id='word_1_90' title='bbox 511 1219 637 1272; x_wconf 75' lang='lat' dir='ltr'><strong>superque</strong></span> <span class='ocrx_word' id='word_1_91' title='bbox 654 1201 749 1256; x_wconf 79' lang='lat' dir='ltr'><strong>vixisse</strong></span> <span class='ocrx_word' id='word_1_92' title='bbox 766 1199 905 1255; x_wconf 88' lang='lat' dir='ltr'><strong>videamur.</strong></span> <span class='ocrx_word' id='word_1_93' title='bbox 940 1199 1035 1258; x_wconf 80' lang='lat' dir='ltr'><strong>Quam-</strong></span> 
     </span>
     <span class='ocr_line' id='line_1_13' title="bbox 241 1274 1035 1350; baseline -0.004 -17"><span class='ocrx_word' id='word_1_94' title='bbox 241 1297 319 1350; x_wconf 83' lang='lat' dir='ltr'><strong>quam</strong></span> <span class='ocrx_word' id='word_1_95' title='bbox 331 1279 397 1333; x_wconf 88' lang='lat' dir='ltr'><strong>enim</strong></span> <span class='ocrx_word' id='word_1_96' title='bbox 410 1296 499 1333; x_wconf 80' lang='lat' dir='ltr'><strong>census</strong></span> <span class='ocrx_word' id='word_1_97' title='bbox 512 1276 609 1343; x_wconf 82' lang='lat' dir='ltr'><strong>abierit,</strong></span> <span class='ocrx_word' id='word_1_98' title='bbox 622 1282 710 1332; x_wconf 90' lang='lat' dir='ltr'><strong>tamen</strong></span> <span class='ocrx_word' id='word_1_99' title='bbox 721 1276 775 1331; x_wconf 82' lang='lat' dir='ltr'><strong>anis</strong></span> <span class='ocrx_word' id='word_1_100' title='bbox 792 1280 820 1331; x_wconf 88' lang='lat' dir='ltr'><strong>et</strong></span> <span class='ocrx_word' id='word_1_101' title='bbox 837 1274 945 1347; x_wconf 79' lang='lat' dir='ltr'><strong>propriis</strong></span> <span class='ocrx_word' id='word_1_102' title='bbox 962 1275 1035 1330; x_wconf 83' lang='lat' dir='ltr'><strong>bonis</strong></span> 
     </span>
     <span class='ocr_line' id='line_1_14' title="bbox 241 1351 1036 1425; baseline -0.004 -16"><span class='ocrx_word' id='word_1_103' title='bbox 241 1364 268 1410; x_wconf 88' lang='lat' dir='ltr'><strong>et</strong></span> <span class='ocrx_word' id='word_1_104' title='bbox 280 1354 364 1409; x_wconf 78' lang='lat' dir='ltr'><strong>laudis</strong></span> <span class='ocrx_word' id='word_1_105' title='bbox 376 1358 403 1408; x_wconf 92' lang='lat' dir='ltr'><strong>et</strong></span> <span class='ocrx_word' id='word_1_106' title='bbox 419 1353 513 1425; x_wconf 75' lang='lat' dir='ltr'><strong>gloria,</strong></span> <span class='ocrx_word' id='word_1_107' title='bbox 532 1353 646 1425; x_wconf 83' lang='lat' dir='ltr'><strong>quamvia</strong></span> <span class='ocrx_word' id='word_1_108' title='bbox 664 1372 714 1408; x_wconf 88' lang='lat' dir='ltr'><strong>non</strong></span> <span class='ocrx_word' id='word_1_109' title='bbox 731 1353 850 1418; x_wconf 78' lang='lat' dir='ltr'><strong>sentiant,</strong></span> <span class='ocrx_word' id='word_1_110' title='bbox 871 1351 966 1407; x_wconf 89' lang='lat' dir='ltr'><strong>mortui</strong></span> <span class='ocrx_word' id='word_1_111' title='bbox 984 1370 1036 1406; x_wconf 91' lang='lat' dir='ltr'><strong>non</strong></span> 
     </span>
     <span class='ocr_line' id='line_1_15' title="bbox 242 1429 1034 1501; baseline -0.001 -16"><span class='ocrx_word' id='word_1_112' title='bbox 242 1434 339 1485; x_wconf 90' lang='lat' dir='ltr'><strong>carent.</strong></span> <span class='ocrx_word' id='word_1_113' title='bbox 365 1430 421 1485; x_wconf 82' lang='lat' dir='ltr'><strong>Etsi</strong></span> <span class='ocrx_word' id='word_1_114' title='bbox 431 1430 498 1485; x_wconf 89' lang='lat' dir='ltr'><strong>enim</strong></span> <span class='ocrx_word' id='word_1_115' title='bbox 508 1429 571 1484; x_wconf 88' lang='lat' dir='ltr'><strong>nihil</strong></span> <span class='ocrx_word' id='word_1_116' title='bbox 579 1429 656 1485; x_wconf 89' lang='lat' dir='ltr'><strong>habet</strong></span> <span class='ocrx_word' id='word_1_117' title='bbox 664 1430 691 1484; x_wconf 91' lang='lat' dir='ltr'><strong>in</strong></span> <span class='ocrx_word' id='word_1_118' title='bbox 702 1447 730 1484; x_wconf 83' lang='lat' dir='ltr'><strong>ae</strong></span> <span class='ocrx_word' id='word_1_119' title='bbox 742 1430 829 1501; x_wconf 83' lang='lat' dir='ltr'><strong>gloria,</strong></span> <span class='ocrx_word' id='word_1_120' title='bbox 840 1447 886 1485; x_wconf 91' lang='lat' dir='ltr'><strong>cur</strong></span> <span class='ocrx_word' id='word_1_121' title='bbox 892 1432 1034 1500; x_wconf 84' lang='lat' dir='ltr'><strong>expetatur,</strong></span> 
     </span>
     <span class='ocr_line' id='line_1_16' title="bbox 241 1506 1092 1577; baseline -0.007 -14"><span class='ocrx_word' id='word_1_122' title='bbox 241 1515 329 1563; x_wconf 85' lang='lat' dir='ltr'><strong>tamen</strong></span> <span class='ocrx_word' id='word_1_123' title='bbox 340 1506 460 1562; x_wconf 80' lang='lat' dir='ltr'><strong>virtutem</strong></span> <span class='ocrx_word' id='word_1_124' title='bbox 473 1509 601 1577; x_wconf 84' lang='lat' dir='ltr'><strong>tamquam</strong></span> <span class='ocrx_word' id='word_1_125' title='bbox 613 1506 703 1561; x_wconf 84' lang='lat' dir='ltr'><strong>umbra</strong></span> <span class='ocrx_word' id='word_1_126' title='bbox 714 1507 836 1577; x_wconf 79' lang='lat' dir='ltr'><strong>sequitur.</strong></span> <span class='ocrx_word' id='word_1_127' title='bbox 1045 1510 1092 1557; x_wconf 86' lang='lat'><strong>110</strong></span> 
     </span>
     <span class='ocr_line' id='line_1_17' title="bbox 275 1582 1035 1653; baseline 0 -16"><span class='ocrx_word' id='word_1_128' title='bbox 275 1582 378 1637; x_wconf 86' lang='lat' dir='ltr'><strong>XLVI.</strong></span> <span class='ocrx_word' id='word_1_129' title='bbox 401 1582 493 1637; x_wconf 87' lang='lat' dir='ltr'><strong>Verum</strong></span> <span class='ocrx_word' id='word_1_130' title='bbox 514 1582 684 1637; x_wconf 84' lang='lat' dir='ltr'><strong>multitudinis</strong></span> <span class='ocrx_word' id='word_1_131' title='bbox 706 1583 829 1653; x_wconf 87' lang='lat' dir='ltr'><strong>judicium</strong></span> <span class='ocrx_word' id='word_1_132' title='bbox 853 1582 885 1638; x_wconf 90' lang='lat' dir='ltr'><strong>de</strong></span> <span class='ocrx_word' id='word_1_133' title='bbox 907 1582 987 1648; x_wconf 87' lang='lat' dir='ltr'><strong>bonis,</strong></span> <span class='ocrx_word' id='word_1_134' title='bbox 1013 1582 1035 1637; x_wconf 84' lang='lat' dir='ltr'><strong>ai</strong></span> 
     </span>
     <span class='ocr_line' id='line_1_18' title="bbox 242 1658 1035 1730; baseline -0.003 -17"><span class='ocrx_word' id='word_1_135' title='bbox 242 1658 344 1729; x_wconf 87' lang='lat' dir='ltr'><strong>quando</strong></span> <span class='ocrx_word' id='word_1_136' title='bbox 365 1660 412 1724; x_wconf 82' lang='lat' dir='ltr'><strong>est,</strong></span> <span class='ocrx_word' id='word_1_137' title='bbox 434 1659 515 1728; x_wconf 79' lang='lat' dir='ltr'><strong>magia</strong></span> <span class='ocrx_word' id='word_1_138' title='bbox 535 1658 688 1713; x_wconf 87' lang='lat' dir='ltr'><strong>laudandum</strong></span> <span class='ocrx_word' id='word_1_139' title='bbox 712 1665 759 1725; x_wconf 89' lang='lat' dir='ltr'><strong>est,</strong></span> <span class='ocrx_word' id='word_1_140' title='bbox 779 1678 854 1730; x_wconf 91' lang='lat' dir='ltr'><strong>quam</strong></span> <span class='ocrx_word' id='word_1_141' title='bbox 867 1659 903 1714; x_wconf 91' lang='lat' dir='ltr'><strong>illi</strong></span> <span class='ocrx_word' id='word_1_142' title='bbox 924 1658 956 1713; x_wconf 93' lang='lat' dir='ltr'><strong>ob</strong></span> <span class='ocrx_word' id='word_1_143' title='bbox 980 1676 1035 1713; x_wconf 88' lang='lat' dir='ltr'><strong>earn</strong></span> 
     </span>
     <span class='ocr_line' id='line_1_19' title="bbox 242 1733 1035 1807; baseline -0.003 -18"><span class='ocrx_word' id='word_1_144' title='bbox 242 1754 295 1789; x_wconf 91' lang='lat' dir='ltr'><strong>rem</strong></span> <span class='ocrx_word' id='word_1_145' title='bbox 315 1734 390 1789; x_wconf 89' lang='lat' dir='ltr'><strong>beati.</strong></span> <span class='ocrx_word' id='word_1_146' title='bbox 426 1734 488 1788; x_wconf 93' lang='lat' dir='ltr'><strong>Non</strong></span> <span class='ocrx_word' id='word_1_147' title='bbox 505 1752 608 1805; x_wconf 88' lang='lat' dir='ltr'><strong>possum</strong></span> <span class='ocrx_word' id='word_1_148' title='bbox 626 1739 712 1789; x_wconf 88' lang='lat' dir='ltr'><strong>autem</strong></span> <span class='ocrx_word' id='word_1_149' title='bbox 730 1735 820 1800; x_wconf 84' lang='lat' dir='ltr'><strong>dicere,</strong></span> <span class='ocrx_word' id='word_1_150' title='bbox 840 1733 1035 1807; x_wconf 91' lang='lat' dir='ltr'><strong>quoquomodo</strong></span> 
     </span>
     <span class='ocr_line' id='line_1_20' title="bbox 242 1809 1036 1882; baseline 0.001 -18"><span class='ocrx_word' id='word_1_151' title='bbox 242 1811 290 1865; x_wconf 90' lang='lat' dir='ltr'><strong>hcc</strong></span> <span class='ocrx_word' id='word_1_152' title='bbox 307 1809 453 1880; x_wconf 78' lang='lat' dir='ltr'><strong>accipiatur,</strong></span> <span class='ocrx_word' id='word_1_153' title='bbox 472 1809 627 1881; x_wconf 77' lang='lat' dir='ltr'><strong>Lycurgum,</strong></span> <span class='ocrx_word' id='word_1_154' title='bbox 647 1811 763 1866; x_wconf 81' lang='lat' dir='ltr'><strong>Solonem</strong></span> <span class='ocrx_word' id='word_1_155' title='bbox 782 1812 866 1882; x_wconf 88' lang='lat' dir='ltr'><strong>legum</strong></span> <span class='ocrx_word' id='word_1_156' title='bbox 885 1816 911 1866; x_wconf 88' lang='lat' dir='ltr'><strong>et</strong></span> <span class='ocrx_word' id='word_1_157' title='bbox 929 1810 1036 1880; x_wconf 85' lang='lat' dir='ltr'><strong>publicae</strong></span> 
     </span>
     <span class='ocr_line' id='line_1_21' title="bbox 243 1885 1036 1957; baseline 0 -18"><span class='ocrx_word' id='word_1_158' title='bbox 243 1886 382 1957; x_wconf 78' lang='lat' dir='ltr'><strong>disciplina</strong></span> <span class='ocrx_word' id='word_1_159' title='bbox 397 1903 482 1940; x_wconf 88' lang='lat' dir='ltr'><strong>carere</strong></span> <span class='ocrx_word' id='word_1_160' title='bbox 499 1886 595 1956; x_wconf 86' lang='lat' dir='ltr'><strong>gloria:</strong></span> <span class='ocrx_word' id='word_1_161' title='bbox 619 1887 821 1952; x_wconf 84' lang='lat' dir='ltr'><strong>Themistoclem,</strong></span> <span class='ocrx_word' id='word_1_162' title='bbox 837 1885 1036 1954; x_wconf 81' lang='lat' dir='ltr'><strong>Epaminondam</strong></span> 
     </span>
     <span class='ocr_line' id='line_1_22' title="bbox 242 1961 1036 2032; baseline -0.003 -15"><span class='ocrx_word' id='word_1_163' title='bbox 242 1962 339 2017; x_wconf 77' lang='lat' dir='ltr'><strong>bellicae</strong></span> <span class='ocrx_word' id='word_1_164' title='bbox 358 1961 468 2016; x_wconf 86' lang='lat' dir='ltr'><strong>virtutis.</strong></span> <span class='ocrx_word' id='word_1_165' title='bbox 503 1963 572 2016; x_wconf 84' lang='lat' dir='ltr'><strong>Anto</strong></span> <span class='ocrx_word' id='word_1_166' title='bbox 590 1963 655 2017; x_wconf 91' lang='lat' dir='ltr'><strong>enim</strong></span> <span class='ocrx_word' id='word_1_167' title='bbox 676 1962 849 2032; x_wconf 82' lang='lat' dir='ltr'><strong>Salamina[m]</strong></span> <span class='ocrx_word' id='word_1_168' title='bbox 869 1962 949 2031; x_wconf 79' lang='lat' dir='ltr'><strong>ipsam</strong></span> <span class='ocrx_word' id='word_1_169' title='bbox 967 1962 1036 2029; x_wconf 86' lang='lat' dir='ltr'><strong>Nep·</strong></span> 
     </span>
     <span class='ocr_line' id='line_1_23' title="bbox 242 2038 1037 2109; baseline 0 -16"><span class='ocrx_word' id='word_1_170' title='bbox 242 2044 323 2094; x_wconf 84' lang='lat' dir='ltr'><strong>tnnua</strong></span> <span class='ocrx_word' id='word_1_171' title='bbox 336 2038 434 2103; x_wconf 88' lang='lat' dir='ltr'><strong>obruet,</strong></span> <span class='ocrx_word' id='word_1_172' title='bbox 448 2056 522 2108; x_wconf 91' lang='lat' dir='ltr'><strong>quam</strong></span> <span class='ocrx_word' id='word_1_173' title='bbox 535 2038 664 2093; x_wconf 81' lang='lat' dir='ltr'><strong>Salaminii</strong></span> <span class='ocrx_word' id='word_1_174' title='bbox 676 2039 765 2109; x_wconf 86' lang='lat' dir='ltr'><strong>tropaei</strong></span> <span class='ocrx_word' id='word_1_175' title='bbox 777 2038 936 2093; x_wconf 85' lang='lat' dir='ltr'><strong>memoriam:</strong></span> <span class='ocrx_word' id='word_1_176' title='bbox 955 2038 1037 2107; x_wconf 82' lang='lat' dir='ltr'><strong>priua·</strong></span> 
     </span>
     <span class='ocr_line' id='line_1_24' title="bbox 243 2113 1037 2187; baseline 0 -17"><span class='ocrx_word' id='word_1_177' title='bbox 243 2134 293 2187; x_wconf 88' lang='lat' dir='ltr'><strong>que</strong></span> <span class='ocrx_word' id='word_1_178' title='bbox 304 2115 408 2169; x_wconf 81' lang='lat' dir='ltr'><strong>Boeotia</strong></span> <span class='ocrx_word' id='word_1_179' title='bbox 418 2114 531 2169; x_wconf 83' lang='lat' dir='ltr'><strong>Leuctra</strong></span> <span class='ocrx_word' id='word_1_180' title='bbox 544 2115 675 2181; x_wconf 89' lang='lat' dir='ltr'><strong>tollentur,</strong></span> <span class='ocrx_word' id='word_1_181' title='bbox 694 2133 769 2186; x_wconf 87' lang='lat' dir='ltr'><strong>qnam</strong></span> <span class='ocrx_word' id='word_1_182' title='bbox 786 2132 879 2185; x_wconf 83' lang='lat' dir='ltr'><strong>pugnae</strong></span> <span class='ocrx_word' id='word_1_183' title='bbox 896 2113 1037 2170; x_wconf 80' lang='lat' dir='ltr'><strong>Leuctrica</strong></span> 
     </span>
     <span class='ocr_line' id='line_1_25' title="bbox 242 2191 1035 2261; baseline -0.001 -15"><span class='ocrx_word' id='word_1_184' title='bbox 242 2193 333 2261; x_wconf 78' lang='lat' dir='ltr'><strong>gloria</strong></span> <span class='ocrx_word' id='word_1_185' title='bbox 369 2191 456 2246; x_wconf 88' lang='lat' dir='ltr'><strong>Multo</strong></span> <span class='ocrx_word' id='word_1_186' title='bbox 479 2194 565 2246; x_wconf 89' lang='lat' dir='ltr'><strong>antem</strong></span> <span class='ocrx_word' id='word_1_187' title='bbox 588 2191 686 2246; x_wconf 80' lang='lat' dir='ltr'><strong>tardius</strong></span> <span class='ocrx_word' id='word_1_188' title='bbox 710 2192 778 2246; x_wconf 82' lang='lat' dir='ltr'><strong>fama</strong></span> <span class='ocrx_word' id='word_1_189' title='bbox 801 2191 901 2246; x_wconf 85' lang='lat' dir='ltr'><strong>deseret</strong></span> <span class='ocrx_word' id='word_1_190' title='bbox 924 2191 1035 2257; x_wconf 83' lang='lat' dir='ltr'><strong>Curium,</strong></span> 
     </span>
     <span class='ocr_line' id='line_1_26' title="bbox 243 2266 1038 2338; baseline 0.001 -15"><span class='ocrx_word' id='word_1_191' title='bbox 243 2268 397 2333; x_wconf 82' lang='lat' dir='ltr'><strong>Fabricium,</strong></span> <span class='ocrx_word' id='word_1_192' title='bbox 420 2267 572 2333; x_wconf 85' lang='lat' dir='ltr'><strong>Calatinum,</strong></span> <span class='ocrx_word' id='word_1_193' title='bbox 595 2267 646 2322; x_wconf 89' lang='lat' dir='ltr'><strong>duo</strong></span> <span class='ocrx_word' id='word_1_194' title='bbox 668 2268 805 2338; x_wconf 79' lang='lat' dir='ltr'><strong>Scipiones,</strong></span> <span class='ocrx_word' id='word_1_195' title='bbox 827 2268 878 2323; x_wconf 94' lang='lat' dir='ltr'><strong>duo</strong></span> <span class='ocrx_word' id='word_1_196' title='bbox 897 2266 1038 2337; x_wconf 80' lang='lat' dir='ltr'><strong>Africanos,</strong></span> 
     </span>
     <span class='ocr_line' id='line_1_27' title="bbox 242 2343 1037 2413; baseline -0.001 -12"><span class='ocrx_word' id='word_1_197' title='bbox 242 2345 398 2409; x_wconf 79' lang='lat' dir='ltr'><strong>Maximum,</strong></span> <span class='ocrx_word' id='word_1_198' title='bbox 423 2343 583 2410; x_wconf 88' lang='lat' dir='ltr'><strong>Marcellum,</strong></span> <span class='ocrx_word' id='word_1_199' title='bbox 612 2344 739 2410; x_wconf 90' lang='lat' dir='ltr'><strong>Paullum,</strong></span> <span class='ocrx_word' id='word_1_200' title='bbox 766 2347 894 2413; x_wconf 79' lang='lat' dir='ltr'><strong>Catonem,</strong></span> <span class='ocrx_word' id='word_1_201' title='bbox 922 2344 1037 2411; x_wconf 83' lang='lat' dir='ltr'><strong>Loelium,</strong></span> 
     </span>
     <span class='ocr_line' id='line_1_28' title="bbox 242 2420 1038 2492; baseline 0 -16"><span class='ocrx_word' id='word_1_202' title='bbox 242 2420 441 2476; x_wconf 85' lang='lat' dir='ltr'><strong>innumerabiles</strong></span> <span class='ocrx_word' id='word_1_203' title='bbox 468 2420 538 2474; x_wconf 87' lang='lat' dir='ltr'><strong>alios.</strong></span> <span class='ocrx_word' id='word_1_204' title='bbox 575 2420 692 2479; x_wconf 80' lang='lat' dir='ltr'><strong>Quorum</strong></span> <span class='ocrx_word' id='word_1_205' title='bbox 716 2422 906 2477; x_wconf 79' lang='lat' dir='ltr'><strong>similitudinem</strong></span> <span class='ocrx_word' id='word_1_206' title='bbox 930 2422 1038 2492; x_wconf 86' lang='lat' dir='ltr'><strong>aliquam</strong></span> 
     </span>
     <span class='ocr_line' id='line_1_29' title="bbox 243 2496 1039 2569; baseline 0.001 -17"><span class='ocrx_word' id='word_1_207' title='bbox 243 2499 289 2569; x_wconf 89' lang='lat' dir='ltr'><strong>qui</strong></span> <span class='ocrx_word' id='word_1_208' title='bbox 301 2498 445 2567; x_wconf 88' lang='lat' dir='ltr'><strong>arripuerit,</strong></span> <span class='ocrx_word' id='word_1_209' title='bbox 457 2514 510 2550; x_wconf 90' lang='lat' dir='ltr'><strong>non</strong></span> <span class='ocrx_word' id='word_1_210' title='bbox 528 2514 584 2551; x_wconf 90' lang='lat' dir='ltr'><strong>earn</strong></span> <span class='ocrx_word' id='word_1_211' title='bbox 601 2496 670 2551; x_wconf 84' lang='lat' dir='ltr'><strong>fama</strong></span> <span class='ocrx_word' id='word_1_212' title='bbox 685 2498 808 2568; x_wconf 90' lang='lat' dir='ltr'><strong>populari,</strong></span> <span class='ocrx_word' id='word_1_213' title='bbox 822 2498 867 2553; x_wconf 85' lang='lat' dir='ltr'><strong>sed</strong></span> <span class='ocrx_word' id='word_1_214' title='bbox 884 2516 944 2553; x_wconf 86' lang='lat' dir='ltr'><strong>vera</strong></span> <span class='ocrx_word' id='word_1_215' title='bbox 961 2499 1039 2553; x_wconf 91' lang='lat' dir='ltr'><strong>bono-</strong></span> 
     </span>
     <span class='ocr_line' id='line_1_30' title="bbox 241 2572 1040 2642; baseline -0.001 -13"><span class='ocrx_word' id='word_1_216' title='bbox 241 2592 301 2629; x_wconf 90' lang='lat' dir='ltr'><strong>rum</strong></span> <span class='ocrx_word' id='word_1_217' title='bbox 319 2572 395 2628; x_wconf 89' lang='lat' dir='ltr'><strong>landa</strong></span> <span class='ocrx_word' id='word_1_218' title='bbox 412 2573 527 2639; x_wconf 83' lang='lat' dir='ltr'><strong>metiens,</strong></span> <span class='ocrx_word' id='word_1_219' title='bbox 538 2572 626 2627; x_wconf 88' lang='lat' dir='ltr'><strong>fidenti</strong></span> <span class='ocrx_word' id='word_1_220' title='bbox 645 2574 736 2641; x_wconf 89' lang='lat' dir='ltr'><strong>animo,</strong></span> <span class='ocrx_word' id='word_1_221' title='bbox 749 2575 771 2629; x_wconf 86' lang='lat' dir='ltr'><strong>si</strong></span> <span class='ocrx_word' id='word_1_222' title='bbox 788 2574 825 2628; x_wconf 90' lang='lat' dir='ltr'><strong>ita</strong></span> <span class='ocrx_word' id='word_1_223' title='bbox 840 2591 880 2628; x_wconf 85' lang='lat' dir='ltr'><strong>res</strong></span> <span class='ocrx_word' id='word_1_224' title='bbox 897 2574 970 2640; x_wconf 82' lang='lat' dir='ltr'><strong>ieret,</strong></span> <span class='ocrx_word' id='word_1_225' title='bbox 982 2593 1040 2642; x_wconf 81' lang='lat' dir='ltr'><strong>gra·</strong></span> 
     </span>
     <span class='ocr_line' id='line_1_31' title="bbox 242 2648 1039 2720; baseline -0.005 -15"><span class='ocrx_word' id='word_1_226' title='bbox 242 2650 331 2705; x_wconf 88' lang='lat' dir='ltr'><strong>dietnr</strong></span> <span class='ocrx_word' id='word_1_227' title='bbox 348 2648 381 2702; x_wconf 91' lang='lat' dir='ltr'><strong>ad</strong></span> <span class='ocrx_word' id='word_1_228' title='bbox 398 2652 514 2702; x_wconf 89' lang='lat' dir='ltr'><strong>mortem.</strong></span> <span class='ocrx_word' id='word_1_229' title='bbox 551 2650 650 2720; x_wconf 85' lang='lat' dir='ltr'><strong>inqua</strong></span> <span class='ocrx_word' id='word_1_230' title='bbox 672 2654 716 2703; x_wconf 90' lang='lat' dir='ltr'><strong>aut</strong></span> <span class='ocrx_word' id='word_1_231' title='bbox 736 2668 860 2704; x_wconf 79' lang='lat' dir='ltr'><strong>nummum</strong></span> <span class='ocrx_word' id='word_1_232' title='bbox 882 2648 976 2703; x_wconf 92' lang='lat' dir='ltr'><strong>bonum</strong></span> <span class='ocrx_word' id='word_1_233' title='bbox 995 2654 1039 2701; x_wconf 86' lang='lat' dir='ltr'><strong>aut</strong></span> 
     </span>
     <span class='ocr_line' id='line_1_32' title="bbox 242 2723 1051 2795; baseline -0.015 -13"><span class='ocrx_word' id='word_1_234' title='bbox 242 2726 343 2782; x_wconf 85' lang='lat' dir='ltr'><strong>nullum</strong></span> <span class='ocrx_word' id='word_1_235' title='bbox 362 2725 455 2779; x_wconf 89' lang='lat' dir='ltr'><strong>malum</strong></span> <span class='ocrx_word' id='word_1_236' title='bbox 479 2742 534 2779; x_wconf 79' lang='lat' dir='ltr'><strong>esse</strong></span> <span class='ocrx_word' id='word_1_237' title='bbox 557 2726 738 2795; x_wconf 82' lang='lat' dir='ltr'><strong>cognovimus:</strong></span> <span class='ocrx_word' id='word_1_238' title='bbox 763 2724 885 2780; x_wconf 72' lang='lat' dir='ltr'><strong>secundia</strong></span> <span class='ocrx_word' id='word_1_239' title='bbox 903 2741 970 2777; x_wconf 72' lang='lat' dir='ltr'><strong>uero</strong></span> <span class='ocrx_word' id='word_1_240' title='bbox 990 2723 1051 2772; x_wconf 59' lang='lat' dir='ltr'><strong>anxa</strong></span> 
     </span>
     <span class='ocr_line' id='line_1_33' title="bbox 241 2790 1074 2866; baseline -0.022 -7"><span class='ocrx_word' id='word_1_241' title='bbox 241 2803 322 2859; x_wconf 86' lang='lat' dir='ltr'><strong>rebus</strong></span> <span class='ocrx_word' id='word_1_242' title='bbox 340 2800 408 2855; x_wconf 80' lang='lat' dir='ltr'><strong>volet</strong></span> <span class='ocrx_word' id='word_1_243' title='bbox 426 2800 503 2857; x_wconf 83' lang='lat' dir='ltr'><strong>etiam</strong></span> <span class='ocrx_word' id='word_1_244' title='bbox 521 2801 596 2859; x_wconf 87' lang='lat' dir='ltr'><strong>mori.</strong></span> <span class='ocrx_word' id='word_1_245' title='bbox 631 2802 700 2861; x_wconf 80' lang='lat' dir='ltr'><strong>Non</strong></span> <span class='ocrx_word' id='word_1_246' title='bbox 717 2804 790 2861; x_wconf 76' lang='lat' dir='ltr'><strong>enim</strong></span> <span class='ocrx_word' id='word_1_247' title='bbox 805 2806 867 2858; x_wconf 78' lang='lat' dir='ltr'><strong>tam</strong></span> <span class='ocrx_word' id='word_1_248' title='bbox 884 2790 1074 2866; x_wconf 55' lang='lat' dir='ltr'><strong>numunianu-</strong></span> 
     </span>
    </p>
   </div>
   <div class='ocr_carea' id='block_1_3' title="bbox 230 2865 1103 2970">
    <p class='ocr_par' dir='ltr' id='par_1_3' title="bbox 230 2865 1103 2970">
     <span class='ocr_line' id='line_1_34' title="bbox 230 2865 1103 2970; baseline -0.09 21"><span class='ocrx_word' id='word_1_249' title='bbox 230 2895 326 2970; x_wconf 63' lang='grc' dir='ltr'>Μ</span> <span class='ocrx_word' id='word_1_250' title='bbox 338 2876 494 2948; x_wconf 56' lang='lat' dir='ltr'><strong>&#39;munda&#39;</strong></span> <span class='ocrx_word' id='word_1_251' title='bbox 512 2900 575 2943; x_wconf 71' lang='lat'><strong>⁶⁸³⁰</strong></span> <span class='ocrx_word' id='word_1_252' title='bbox 592 2888 698 2961; x_wconf 62' lang='lat' dir='ltr'><strong>potest,</strong></span> <span class='ocrx_word' id='word_1_253' title='bbox 719 2902 808 2960; x_wconf 75' lang='lat' dir='ltr'><strong>quam</strong></span> <span class='ocrx_word' id='word_1_254' title='bbox 823 2876 948 2936; x_wconf 69' lang='lat' dir='ltr'><strong>roclena</strong></span> <span class='ocrx_word' id='word_1_255' title='bbox 963 2865 1103 2917; x_wconf 54' lang='lat' dir='ltr'><strong>naccam.</strong></span> 
     </span>
    </p>
   </div>
   <div class='ocr_carea' id='block_1_4' title="bbox 0 0 1330 3367">
    <p class='ocr_par' dir='ltr' id='par_1_4' title="bbox 0 0 1330 3367">
     <span class='ocr_line' id='line_1_35' title="bbox 0 0 1330 3367; baseline 0 0"><span class='ocrx_word' id='word_1_256' title='bbox 0 0 1330 3367; x_wconf 95' lang='lat' dir='ltr'><strong> </strong></span> 
     </span>
    </p>
   </div>
  </div>
 </body>
</html>
