2634 3367
269 333 315 382 122
403 332 598 381 TUSCULAN.
615 332 914 383 DISPUTATIONUM

268 441 358 506 iacere,
368 459 401 497 au
409 442 481 513 quasi
489 461 504 497 a
513 445 589 513 portu
597 443 755 512 egredientes
767 443 906 515 paullulum
915 433 1052 517 ramig'arsl

269 519 300 570 A.
313 518 442 577 Quidnam
461 524 502 574 est
521 519 606 573 istuc?
642 520 704 575 Non
723 520 791 575 enim
813 520 938 591 intelligo.
973 522 1006 573 V.
1018 521 1055 577 ll.

270 594 336 660 Quia
359 594 513 666 Chrysippus
536 602 563 651 et
586 596 673 661 Stoici,
698 615 776 667 quum
799 595 830 651 de
854 597 933 652 auimi
960 601 1056 667 pertur-

269 669 413 725 bationibus
431 672 570 741 disputant,
583 691 699 743 magnam
717 676 814 743 partem
833 672 902 728 iniis
920 672 1056 743 partiendis

269 750 297 801 at
306 745 452 802 &finiendis
460 750 577 819 occupati
588 754 665 805 suut:
682 748 819 804 illaeorum
829 748 1056 820 perexigusorstiu

270 827 318 887 est,
338 841 389 893 qua
409 823 556 880 medeantur
576 826 673 890 animis,
692 844 739 881 nec
759 843 802 881 cos
822 824 987 881 turbulentus
1005 843 1056 881 essa

270 900 418 970 patiuntur:
449 900 613 973 Peripatetici
639 906 725 956 autem
748 902 781 956 ad
803 900 940 971 placandos
963 902 1056 957 animoa

271 974 351 1029 multa
368 976 491 1032 affemut:
513 978 597 1048 spinas
615 977 740 1047 partiendi
760 981 787 1032 et
805 976 941 1033 definiendi
959 982 1056 1048 practer·

271 1052 385 1108 mittunt.
421 1054 568 1119 Quaerebam
584 1055 671 1126 igitur,
684 1058 771 1109 utrum
787 1054 922 1124 panderem
934 1054 992 1109 vela
1007 1071 1056 1109 ora

271 1129 349 1185 tionis
372 1130 467 1196 statim,
489 1150 522 1186 an
544 1149 598 1187 eam
618 1136 678 1186 ante
700 1129 839 1201 paullulum
862 1129 1056 1187 Dialecticorum

271 1205 531 1279 remispropellerem.
563 1209 595 1262 Α,
609 1208 665 1262 Isto
676 1206 829 1262 modoverc.
862 1206 1002 1262 llritcnim
1015 1208 1056 1263 bur

233 1289 265 1339 1⁰
270 1288 364 1350 totum,
377 1283 444 1356 quod
457 1302 552 1355 quero,
566 1302 598 1339 ex
612 1287 721 1354 utroque
738 1282 885 1353 perfectius.
921 1282 961 1337 M.
973 1282 1056 1339 llstid

273 1359 374 1431 quidem
391 1360 501 1425 rectius;
524 1358 570 1414 sed
587 1363 645 1429 post
663 1359 783 1430 requires,
802 1358 825 1412 ai
842 1357 904 1429 quid
921 1358 1003 1415 fuerit
1021 1359 1056 1415 ob

272 1437 378 1490 scurius.
402 1436 434 1489 A„
448 1435 548 1489 Faciam
560 1434 684 1506 equidem.
709 1436 748 1489 Tu
759 1439 852 1499 tamen,
864 1438 894 1488 ut
906 1435 982 1503 soles,
995 1435 1056 1492 dica

272 1512 323 1565 iata
333 1510 389 1581 ipsa
399 1510 506 1565 obscura
519 1510 625 1580 planius,
639 1529 714 1581 quam
726 1510 846 1566 dicuntur
858 1528 873 1564 u
885 1510 989 1567 Graecis.
1026 1511 1056 1568 ll

272 1585 363 1641 Enitar
374 1584 504 1656 equidem:
522 1585 568 1640 sed
580 1585 680 1641 intento
692 1605 756 1657 opus
772 1592 812 1642 est
827 1587 918 1653 animo,
933 1605 967 1643 us
978 1589 1056 1643 omniu

273 1660 422 1725 dilabantur,
440 1660 462 1714 si
479 1679 558 1715 unum
575 1661 677 1733 aliquod
694 1663 820 1734 effugerit·
857 1663 994 1729 Quoniam,
1009 1682 1056 1735 qua

274 1737 354 1793 Graeci
366 1742 428 1801 adop
439 1741 538 1801 vocant,
550 1737 623 1792 nubis
635 1739 837 1808 perturbationes
850 1738 972 1810 appellari
983 1741 1056 1812 magii

274 1815 364 1886 placet,
377 1833 451 1885 quam
467 1814 582 1869 morbos:
600 1816 628 1870 in
642 1816 683 1870 his
699 1816 852 1887 explicandis
868 1820 981 1871 veterem
997 1817 1056 1872 illan

274 1891 389 1963 equidem
408 1890 558 1963 Pythagoroe
575 1892 692 1961 primum,
711 1891 801 1947 deinde
818 1892 933 1947 Platonis
953 1893 1056 1963 descrip

273 1968 368 2025 tionem
387 1986 492 2039 sequar:
512 1968 556 2039 qui
572 1968 683 2023 animum
700 1967 728 2023 in
745 1968 808 2023 duas
826 1971 912 2038 partes
930 1967 1049 2024 dividunt

275 2045 380 2100 alteram
397 2043 501 2099 rationis
519 2043 667 2115 participem
683 2043 787 2108 iaciunt,
803 2044 908 2098 alterum
925 2051 1056 2114 expertem

275 2122 309 2176 In
320 2122 441 2193 participe
455 2121 559 2175 rationis
575 2124 673 2192 ponunt
690 2120 907 2192 tranquillitatem,
921 2120 1001 2175 idest
1014 2121 1056 2191 pla

274 2197 355 2252 eidam
376 2197 536 2268 quietamque
556 2197 740 2251 constantiam:
766 2198 794 2252 in
817 2196 860 2252 illa
880 2196 960 2250 altera
980 2204 1056 2251 motui

274 2271 390 2328 turbidos
413 2274 467 2327 tuin
491 2272 542 2336 ira,
564 2280 620 2326 tum
643 2272 797 2344 cupiditatis,
820 2272 960 2327 contrarios
984 2272 1056 2327 inimi

237 2353 265 2401 ll
275 2364 368 2418 eosque
388 2347 487 2401 rationi.
523 2347 562 2402 Sit
583 2348 662 2418 igitur
682 2349 723 2403 hic
745 2348 809 2403 fona.
845 2348 957 2403 Utamur
978 2352 1056 2402 tamer

274 2422 357 2476 inhia
378 2421 609 2492 perturbationibus
629 2423 799 2479 describendis
818 2423 960 2477 Stoicorum
977 2423 1056 2478 defini

274 2497 386 2554 tionibus
409 2502 436 2552 et
456 2498 650 2568 partitionibus;
680 2501 723 2572 qui
747 2500 808 2555 mibi
825 2499 944 2555 videntur
968 2500 995 2554 iu
1020 2500 1056 2555 lru

275 2574 414 2647 questione
425 2574 519 2629 versari
530 2576 682 2630 acutissime.

311 2651 360 2705 Vl.
377 2650 427 2705 list
442 2650 521 2721 igitur
536 2652 642 2706 Zenonis
660 2651 713 2707 brec
726 2650 847 2717 delinitio,
859 2653 889 2704 ut
908 2649 1056 2721 perturbati<

276 2728 319 2790 sit,
332 2727 401 2798 quod
413 2730 485 2780 πάθος
501 2726 542 2782 ille
558 2727 627 2792 dicit,
640 2745 729 2782 aversa
744 2746 760 2780 a
775 2730 845 2780 recta
860 2726 965 2791 ratione,
978 2732 1056 2780 contri

266 2809 395 2871 naturam,
417 2802 494 2859 animi
519 2804 661 2859 commotio.
695 2802 806 2862 Quidum
831 2802 941 2866 brevius,
967 2810 1056 2871 pertun

255 2880 390 2941 barionem
417 2903 477 2943 esse
502 2883 652 2959 appetitum
672 2878 906 2937 uebement'uorem·.
930 2876 980 2927 sed
996 2878 1056 2927 uem
