2634 3367
295 334 341 381 1³8
435 332 948 382 ‘ruscorummsrura'rronum

293 459 431 510 cognomen
450 441 553 505 invenit,
569 441 661 495 iratum
680 442 796 496 existimo
814 442 886 496 Gallo
904 447 1023 510 torquem
1040 442 1080 499 de

293 517 416 570 traxisse:
435 534 481 569 nec
497 516 645 570 Marcellum
665 518 731 588 apud
748 519 897 572 Clastidium
914 518 973 573 idco
990 520 1080 575 fortem

253 591 379 658 coluisse,
397 592 456 661 quia
475 591 551 645 luerit
573 592 661 645 iratus.
698 594 739 647 De
757 594 876 648 Africano
895 593 1006 663 quidem,
1025 594 1082 665 quia

292 668 377 722 notior
389 672 428 721 est
440 666 512 721 nobis
525 674 628 737 propter
639 674 765 723 recentem
779 669 933 734 memoriam,
946 670 987 725 vel
998 670 1081 740 jurare

292 761 402 814 possum,
420 761 471 797 non
488 744 557 796 illum
576 743 705 798 iracundia
722 750 776 798 tum
795 745 976 799 inflammatum
996 746 1081 811 subse

292 838 370 889 quum
389 819 415 872 in
433 819 485 873 acie
503 819 541 872 M.
553 819 678 874 Allienum
698 820 830 890 Pelignum
849 827 924 875 scuto
942 822 1082 892 protexerit

291 894 452 965 gladiumque
476 895 542 949 hosti
567 896 594 948 in
617 903 706 965 peetus
730 896 847 950 infixerit.
885 896 925 951 De
946 896 977 951 L.
1000 897 1082 952 Bruto

291 971 399 1025 sortasse
412 970 556 1034 dubitarim,
568 989 601 1024 an
618 977 723 1040 propter
739 971 864 1025 infinitum
882 971 968 1026 odium
980 973 1083 1043 tyranni

291 1047 437 1102 effrenatius
449 1048 475 1101 in
485 1050 607 1101 Aruntem
621 1047 749 1101 invaserit.
774 1047 857 1101 Video
866 1048 934 1101 enim
944 1053 1082 1118 utrumqne

290 1125 405 1179 cominus
432 1125 486 1178 ictu
509 1123 628 1178 eccidisse
652 1123 786 1177 contrario.
835 1123 906 1181 Quid
929 1123 1011 1194 igitur
1035 1124 1083 1179 buc

290 1200 415 1256 adhibetis
435 1201 516 1255 iram?
553 1201 594 1253 An
618 1198 749 1263 fortitudo,
769 1199 818 1252 nisi
839 1199 950 1253 insanire
969 1200 1081 1271 eoeperit,

289 1277 400 1347 impetus
417 1296 476 1331 suos
492 1296 543 1331 non
559 1275 653 1330 habet?
685 1275 773 1334 Quid?
805 1274 950 1340 Herculem,
964 1295 1043 1345 quem
1058 1277 1083 1331 in

289 1354 377 1408 eaelum
394 1354 444 1407 ista
460 1355 521 1422 ipsa,
535 1372 608 1421 quam
625 1370 670 1406 ros
688 1351 841 1405 iracundiam
858 1351 1015 1418 commitis,
1029 1371 1083 1407 sua·

289 1429 350 1483 tulit
372 1428 503 1495 fortitudo,
521 1428 646 1482 iratumne
665 1446 752 1482 censes
774 1426 917 1481 conflixisse
938 1445 997 1481 cnm
1020 1428 1082 1501 my-

289 1504 402 1558 manthio
415 1522 475 1572 apro
493 1510 538 1556 aut
554 1503 625 1558 leone
641 1504 780 1558 Ncmeaeol
816 1505 858 1557 An
874 1503 951 1557 etiam
968 1503 1082 1559 Theseus

288 1578 444 1633 Marathonii
462 1578 529 1631 tauri
550 1596 644 1632 cornua
662 1578 851 1649 comprehendit
870 1578 970 1633 iratus?
1008 1579 1080 1645 Vide,

287 1672 321 1708 ne
339 1652 462 1708 fortitudo
480 1654 582 1707 minime
598 1654 632 1707 sit
651 1654 757 1718 rabiosa,
777 1655 861 1724 sitque
879 1655 1011 1709 iracundia
1027 1660 1082 1710 tota

288 1730 407 1784 levitatis.
445 1730 536 1801 Neque
552 1731 619 1784 enirn
635 1736 675 1785 est
693 1732 735 1784 illa
752 1729 883 1797 fortitudo,
902 1750 959 1800 quea
975 1732 1081 1788 rationis

289 1811 328 1861 est
341 1825 437 1876 expers.

247 1894 275 1939 51
323 1883 426 1937 XXIII.
445 1882 641 1937 Contemnendoe
653 1901 694 1936 res
707 1886 767 1936 sunt
779 1882 909 1936 humanm:
928 1882 1082 1953 negligenda

287 1965 421 2015 moreest:
441 1960 557 2029 patibiles
569 1965 595 2013 et
608 1959 707 2013 dolores
719 1963 744 2012 et
758 1958 855 2012 labores
870 1958 983 2027 putandi.
1017 1962 1081 2017 Hac

287 2056 364 2106 quum
378 2037 518 2091 constituta
534 2042 594 2090 sunt
608 2035 706 2105 judicio
724 2039 800 2104 atque
818 2035 1023 2099 sententiatum
1041 2042 1080 2091 est

286 2112 391 2167 robusta
407 2112 450 2165 illa
467 2117 493 2166 et
512 2111 609 2165 stabilis
626 2109 766 2163 tortitudo:
785 2110 834 2162 nisi
846 2110 920 2174 forte,
934 2129 992 2179 quae
1005 2113 1080 2167 vehe-

286 2193 392 2254 menter,
401 2187 500 2252 aeriter,
510 2188 620 2240 animose
632 2187 705 2252 fiunt,
714 2185 834 2239 iracunde
846 2186 900 2239 ficri
912 2188 1080 2257 suspicamur.

286 2263 353 2317 Mihi
369 2281 401 2316 ne
419 2262 502 2330 Scipio
515 2261 614 2332 quidem
633 2262 680 2327 ille,
695 2261 809 2331 pontifex
828 2262 960 2327 maximus,
975 2263 1020 2332 qui
1032 2264 1080 2319 hoc

287 2339 427 2392 Stoicorum
447 2356 534 2390 verum
553 2356 608 2390 esse
626 2337 769 2401 declaravit,
789 2356 927 2407 numquam
948 2339 1079 2405 privatum

286 2432 342 2469 esse
359 2413 505 2482 sapientem,
519 2413 599 2465 iratus
615 2413 717 2466 videtur
734 2414 812 2467 luisse
829 2414 866 2468 Ti.
877 2414 998 2478 Graccho,
1014 2420 1077 2480 tum,
1134 2441 1137 2482 2

286 2508 362 2559 quum
373 2487 500 2543 consulem
513 2487 675 2558 languentem
685 2489 787 2558 reliquit
799 2495 876 2559 atque
888 2491 942 2560 ipse
954 2491 1076 2559 privatus,
1135 2549 1138 2558 ,

285 2570 315 2620 ut
332 2564 353 2619 ai
369 2563 456 2619 consul
472 2569 548 2626 esset,
562 2564 605 2633 qui
621 2564 798 2634 rempublicam
815 2566 909 2619 salvam
925 2567 1077 2635 asserebat,

245 2658 313 2703 cese
330 2641 400 2712 sequi
411 2638 497 2710 jussit.
533 2638 636 2707 Nescio,
648 2639 738 2709 ecquid
753 2640 801 2709 ipsi
817 2659 864 2695 nos
881 2641 983 2696 fortiter
997 2643 1025 2697 in
1041 2660 1077 2697 re
1135 2645 1138 2700 l

277 2718 386 2787 publiea
406 2714 547 2770 fecerimus.
585 2716 613 2769 Si
634 2715 694 2786 quid
714 2715 827 2781 lecimus,
850 2724 919 2772 certe
943 2718 1003 2772 irati
1027 2735 1077 2773 non
1136 2705 1138 2740 ¹

263 2793 388 2851 [fecimus.
425 2793 470 2850 An
484 2797 524 2852 est
538 2793 679 2869 quidquam
692 2790 800 2846 similius
809 2792 926 2856 insania,
935 2812 1011 2861 quam
1022 2793 1075 2848 lral

248 2885 333 2936 qnam
353 2870 424 2931 bene
437 2873 548 2935 Ennius
567 2877 684 2934 initium
698 2870 768 2928 ulula
780 2872 907 2922 tresorum.
941 2867 1096 2929 beluarum,
