<?xml version="1.0" encoding="UTF-8"?>
<!DOCTYPE html PUBLIC "-//W3C//DTD XHTML 1.0 Transitional//EN"
    "http://www.w3.org/TR/xhtml1/DTD/xhtml1-transitional.dtd">
<html xmlns="http://www.w3.org/1999/xhtml" xml:lang="en" lang="en">
 <head>
  <title>
</title>
<meta http-equiv="Content-Type" content="text/html;charset=utf-8" />
  <meta name='ocr-system' content='tesseract 3.04.00' />
  <meta name='ocr-capabilities' content='ocr_page ocr_carea ocr_par ocr_line ocrx_word'/>
</head>
<body>
  <div class='ocr_page' id='page_1' title='image "./mtulliiciceroni09cicegoog/mtulliiciceroni09cicegoog_0026.png"; bbox 0 0 2634 3367; ppageno 0'>
   <div class='ocr_carea' id='block_1_1' title="bbox 290 346 936 397">
    <p class='ocr_par' dir='ltr' id='par_1_1' title="bbox 290 346 936 397">
     <span class='ocr_line' id='line_1_1' title="bbox 290 346 936 397; baseline 0.005 -4"><span class='ocrx_word' id='word_1_1' title='bbox 290 348 321 394; x_wconf 80' lang='lat'><strong>20</strong></span> <span class='ocrx_word' id='word_1_2' title='bbox 428 346 622 397; x_wconf 78' lang='lat' dir='ltr'><strong>TUSCULAN.</strong></span> <span class='ocrx_word' id='word_1_3' title='bbox 641 346 936 396; x_wconf 76' lang='lat' dir='ltr'>DISPUTA&#39;PIONUM</span> 
     </span>
    </p>
   </div>
   <div class='ocr_carea' id='block_1_2' title="bbox 246 454 1072 755">
    <p class='ocr_par' dir='ltr' id='par_1_2' title="bbox 246 454 1072 755">
     <span class='ocr_line' id='line_1_2' title="bbox 287 454 1071 528; baseline 0.005 -21"><span class='ocrx_word' id='word_1_4' title='bbox 287 455 379 507; x_wconf 86' lang='lat' dir='ltr'><strong>terram</strong></span> <span class='ocrx_word' id='word_1_5' title='bbox 398 455 513 510; x_wconf 85' lang='lat' dir='ltr'><strong>contueri</strong></span> <span class='ocrx_word' id='word_1_6' title='bbox 529 454 622 523; x_wconf 81' lang='lat' dir='ltr'>licebit,</span> <span class='ocrx_word' id='word_1_7' title='bbox 636 456 741 526; x_wconf 86' lang='lat' dir='ltr'><strong>ejusque</strong></span> <span class='ocrx_word' id='word_1_8' title='bbox 758 475 835 528; x_wconf 90' lang='lat' dir='ltr'><strong>quum</strong></span> <span class='ocrx_word' id='word_1_9' title='bbox 853 458 938 522; x_wconf 84' lang='lat' dir='ltr'><strong>sitnm,</strong></span> <span class='ocrx_word' id='word_1_10' title='bbox 957 457 1071 525; x_wconf 82' lang='lat' dir='ltr'><strong>formam,</strong></span> 
     </span>
     <span class='ocr_line' id='line_1_3' title="bbox 287 529 1072 603; baseline 0.005 -20"><span class='ocrx_word' id='word_1_11' title='bbox 287 529 551 600; x_wconf 76' lang='lat' dir='ltr'><strong>circumscriptionem,</strong></span> <span class='ocrx_word' id='word_1_12' title='bbox 564 535 619 586; x_wconf 89' lang='grc'>1111</span> <span class='ocrx_word' id='word_1_13' title='bbox 636 537 663 587; x_wconf 89' lang='grc'><strong>11</strong></span> <span class='ocrx_word' id='word_1_14' title='bbox 678 531 826 588; x_wconf 81' lang='lat' dir='ltr'><strong>habitabiles</strong></span> <span class='ocrx_word' id='word_1_15' title='bbox 843 534 958 603; x_wconf 83' lang='lat' dir='ltr'><strong>regiones</strong></span> <span class='ocrx_word' id='word_1_16' title='bbox 976 538 1003 587; x_wconf 90' lang='lat' dir='ltr'><strong>et</strong></span> <span class='ocrx_word' id='word_1_17' title='bbox 1018 553 1072 587; x_wconf 90' lang='lat' dir='ltr'><strong>rur-</strong></span> 
     </span>
     <span class='ocr_line' id='line_1_4' title="bbox 287 606 1071 679; baseline 0.008 -19"><span class='ocrx_word' id='word_1_18' title='bbox 287 623 344 660; x_wconf 86' lang='lat' dir='ltr'><strong>sum</strong></span> <span class='ocrx_word' id='word_1_19' title='bbox 364 606 432 661; x_wconf 86' lang='lat' dir='ltr'><strong>omni</strong></span> <span class='ocrx_word' id='word_1_20' title='bbox 452 607 524 662; x_wconf 91' lang='lat' dir='ltr'><strong>cultu</strong></span> <span class='ocrx_word' id='word_1_21' title='bbox 544 612 647 678; x_wconf 88' lang='lat' dir='ltr'><strong>propter</strong></span> <span class='ocrx_word' id='word_1_22' title='bbox 665 609 715 664; x_wconf 87' lang='lat' dir='ltr'><strong>vim</strong></span> <span class='ocrx_word' id='word_1_23' title='bbox 735 608 836 679; x_wconf 82' lang='lat' dir='ltr'><strong>frigoris</strong></span> <span class='ocrx_word' id='word_1_24' title='bbox 857 614 902 663; x_wconf 90' lang='lat' dir='ltr'><strong>aut</strong></span> <span class='ocrx_word' id='word_1_25' title='bbox 921 609 1009 664; x_wconf 84' lang='lat' dir='ltr'><strong>caloris</strong></span> <span class='ocrx_word' id='word_1_26' title='bbox 1029 628 1071 665; x_wconf 84' lang='lat' dir='ltr'><strong>va·</strong></span> 
     </span>
     <span class='ocr_line' id='line_1_5' title="bbox 246 682 1069 755; baseline 0.004 -19"><span class='ocrx_word' id='word_1_27' title='bbox 246 688 277 735; x_wconf 76' lang='grc'><strong>46</strong></span> <span class='ocrx_word' id='word_1_28' title='bbox 287 683 393 737; x_wconf 75' lang='lat' dir='ltr'><strong>cantas?</strong></span> <span class='ocrx_word' id='word_1_29' title='bbox 422 682 479 737; x_wconf 89' lang='lat' dir='ltr'><strong>Nos</strong></span> <span class='ocrx_word' id='word_1_30' title='bbox 490 682 557 738; x_wconf 88' lang='lat' dir='ltr'><strong>enim</strong></span> <span class='ocrx_word' id='word_1_31' title='bbox 569 701 601 737; x_wconf 92' lang='lat' dir='ltr'><strong>ne</strong></span> <span class='ocrx_word' id='word_1_32' title='bbox 613 701 681 738; x_wconf 92' lang='lat' dir='ltr'><strong>nunc</strong></span> <span class='ocrx_word' id='word_1_33' title='bbox 692 683 792 755; x_wconf 89' lang='lat' dir='ltr'><strong>quidem</strong></span> <span class='ocrx_word' id='word_1_34' title='bbox 804 684 884 739; x_wconf 86' lang='lat' dir='ltr'><strong>oculis</strong></span> <span class='ocrx_word' id='word_1_35' title='bbox 895 685 1020 740; x_wconf 83' lang='lat' dir='ltr'><strong>cernimus</strong></span> <span class='ocrx_word' id='word_1_36' title='bbox 1032 702 1069 749; x_wconf 92' lang='lat' dir='ltr'><strong>ea,</strong></span> 
     </span>
    </p>
   </div>
   <div class='ocr_carea' id='block_1_3' title="bbox 232 757 1069 2959">
    <p class='ocr_par' dir='ltr' id='par_1_3' title="bbox 232 757 1069 2959">
     <span class='ocr_line' id='line_1_6' title="bbox 287 757 1069 830; baseline 0.004 -18"><span class='ocrx_word' id='word_1_37' title='bbox 287 774 343 828; x_wconf 74' lang='lat' dir='ltr'><strong>qua</strong></span> <span class='ocrx_word' id='word_1_38' title='bbox 354 757 482 813; x_wconf 78' lang='lat' dir='ltr'><strong>videmus:</strong></span> <span class='ocrx_word' id='word_1_39' title='bbox 500 776 582 830; x_wconf 88' lang='lat' dir='ltr'><strong>nequa</strong></span> <span class='ocrx_word' id='word_1_40' title='bbox 593 764 633 814; x_wconf 88' lang='lat' dir='ltr'><strong>cst</strong></span> <span class='ocrx_word' id='word_1_41' title='bbox 645 759 712 814; x_wconf 88' lang='lat' dir='ltr'><strong>enim</strong></span> <span class='ocrx_word' id='word_1_42' title='bbox 723 759 790 814; x_wconf 84' lang='lat' dir='ltr'><strong>ullus</strong></span> <span class='ocrx_word' id='word_1_43' title='bbox 800 778 891 816; x_wconf 84' lang='lat' dir='ltr'><strong>sensus</strong></span> <span class='ocrx_word' id='word_1_44' title='bbox 907 760 934 814; x_wconf 91' lang='lat' dir='ltr'><strong>iu</strong></span> <span class='ocrx_word' id='word_1_45' title='bbox 950 778 1069 827; x_wconf 84' lang='lat' dir='ltr'><strong>corpore3</strong></span> 
     </span>
     <span class='ocr_line' id='line_1_7' title="bbox 286 832 1068 906; baseline 0.004 -19"><span class='ocrx_word' id='word_1_46' title='bbox 286 832 338 898; x_wconf 88' lang='lat' dir='ltr'><strong>scd,</strong></span> <span class='ocrx_word' id='word_1_47' title='bbox 351 837 383 888; x_wconf 88' lang='lat' dir='ltr'><strong>ut</strong></span> <span class='ocrx_word' id='word_1_48' title='bbox 397 851 450 888; x_wconf 88' lang='lat' dir='ltr'><strong>non</strong></span> <span class='ocrx_word' id='word_1_49' title='bbox 465 833 546 889; x_wconf 88' lang='lat' dir='ltr'><strong>solum</strong></span> <span class='ocrx_word' id='word_1_50' title='bbox 562 834 660 906; x_wconf 72' lang='lat' dir='ltr'><strong>physici</strong></span> <span class='ocrx_word' id='word_1_51' title='bbox 672 834 770 899; x_wconf 85' lang='lat' dir='ltr'><strong>docent,</strong></span> <span class='ocrx_word' id='word_1_52' title='bbox 783 836 958 891; x_wconf 83' lang='lat' dir='ltr'><strong>verumetiam</strong></span> <span class='ocrx_word' id='word_1_53' title='bbox 971 836 1068 901; x_wconf 86' lang='lat' dir='ltr'><strong>medici,</strong></span> 
     </span>
     <span class='ocr_line' id='line_1_8' title="bbox 285 908 1069 982; baseline 0.001 -18"><span class='ocrx_word' id='word_1_54' title='bbox 285 908 330 979; x_wconf 92' lang='lat' dir='ltr'><strong>qui</strong></span> <span class='ocrx_word' id='word_1_55' title='bbox 340 909 391 964; x_wconf 86' lang='lat' dir='ltr'><strong>ista</strong></span> <span class='ocrx_word' id='word_1_56' title='bbox 401 914 489 980; x_wconf 85' lang='lat' dir='ltr'><strong>aperta</strong></span> <span class='ocrx_word' id='word_1_57' title='bbox 500 913 527 965; x_wconf 93' lang='lat' dir='ltr'><strong>et</strong></span> <span class='ocrx_word' id='word_1_58' title='bbox 539 911 665 981; x_wconf 84' lang='lat' dir='ltr'><strong>patefacta</strong></span> <span class='ocrx_word' id='word_1_59' title='bbox 676 910 801 975; x_wconf 82' lang='lat' dir='ltr'><strong>viderunt,</strong></span> <span class='ocrx_word' id='word_1_60' title='bbox 815 910 861 965; x_wconf 83' lang='lat' dir='ltr'><strong>vioe</strong></span> <span class='ocrx_word' id='word_1_61' title='bbox 873 911 943 980; x_wconf 81' lang='lat' dir='ltr'><strong>quasi</strong></span> <span class='ocrx_word' id='word_1_62' title='bbox 956 911 1069 982; x_wconf 86' lang='lat' dir='ltr'><strong>quaedam</strong></span> 
     </span>
     <span class='ocr_line' id='line_1_9' title="bbox 284 985 1069 1057; baseline 0.001 -18"><span class='ocrx_word' id='word_1_63' title='bbox 284 989 346 1040; x_wconf 84' lang='lat' dir='ltr'><strong>sunt</strong></span> <span class='ocrx_word' id='word_1_64' title='bbox 363 985 395 1040; x_wconf 88' lang='lat' dir='ltr'><strong>ad</strong></span> <span class='ocrx_word' id='word_1_65' title='bbox 410 985 504 1054; x_wconf 91' lang='lat' dir='ltr'><strong>oculos,</strong></span> <span class='ocrx_word' id='word_1_66' title='bbox 520 986 553 1041; x_wconf 91' lang='lat' dir='ltr'><strong>ad</strong></span> <span class='ocrx_word' id='word_1_67' title='bbox 570 1004 651 1051; x_wconf 89' lang='lat' dir='ltr'><strong>aures,</strong></span> <span class='ocrx_word' id='word_1_68' title='bbox 671 985 704 1040; x_wconf 86' lang='lat' dir='ltr'><strong>ad</strong></span> <span class='ocrx_word' id='word_1_69' title='bbox 720 1004 793 1041; x_wconf 84' lang='lat' dir='ltr'><strong>nares</strong></span> <span class='ocrx_word' id='word_1_70' title='bbox 811 1004 826 1040; x_wconf 82' lang='lat' dir='ltr'><strong>a</strong></span> <span class='ocrx_word' id='word_1_71' title='bbox 843 986 902 1041; x_wconf 90' lang='lat' dir='ltr'><strong>sede</strong></span> <span class='ocrx_word' id='word_1_72' title='bbox 920 987 995 1041; x_wconf 84' lang='lat' dir='ltr'><strong>animi</strong></span> <span class='ocrx_word' id='word_1_73' title='bbox 1013 1005 1069 1057; x_wconf 90' lang='lat' dir='ltr'><strong>per·</strong></span> 
     </span>
     <span class='ocr_line' id='line_1_10' title="bbox 283 1061 1069 1134; baseline 0.003 -18"><span class='ocrx_word' id='word_1_74' title='bbox 283 1061 381 1117; x_wconf 77' lang='lat' dir='ltr'><strong>forata.</strong></span> <span class='ocrx_word' id='word_1_75' title='bbox 416 1062 508 1133; x_wconf 87' lang='lat' dir='ltr'><strong>Itaque</strong></span> <span class='ocrx_word' id='word_1_76' title='bbox 531 1081 598 1132; x_wconf 76' lang='lat' dir='ltr'><strong>saepe</strong></span> <span class='ocrx_word' id='word_1_77' title='bbox 621 1066 666 1118; x_wconf 89' lang='lat' dir='ltr'><strong>aut</strong></span> <span class='ocrx_word' id='word_1_78' title='bbox 689 1063 850 1133; x_wconf 76' lang='lat' dir='ltr'><strong>cogitatione,</strong></span> <span class='ocrx_word' id='word_1_79' title='bbox 871 1066 916 1117; x_wconf 87' lang='lat' dir='ltr'><strong>aut</strong></span> <span class='ocrx_word' id='word_1_80' title='bbox 940 1063 1023 1134; x_wconf 89' lang='lat' dir='ltr'><strong>aliqua</strong></span> <span class='ocrx_word' id='word_1_81' title='bbox 1043 1063 1069 1118; x_wconf 89' lang='lat' dir='ltr'><strong>vi</strong></span> 
     </span>
     <span class='ocr_line' id='line_1_11' title="bbox 283 1137 1068 1210; baseline 0.001 -17"><span class='ocrx_word' id='word_1_82' title='bbox 283 1137 365 1193; x_wconf 86' lang='lat' dir='ltr'><strong>morbi</strong></span> <span class='ocrx_word' id='word_1_83' title='bbox 387 1138 508 1209; x_wconf 83' lang='lat' dir='ltr'><strong>impediti,</strong></span> <span class='ocrx_word' id='word_1_84' title='bbox 533 1139 627 1210; x_wconf 86' lang='lat' dir='ltr'><strong>apertis</strong></span> <span class='ocrx_word' id='word_1_85' title='bbox 655 1142 732 1210; x_wconf 87' lang='lat' dir='ltr'><strong>atqua</strong></span> <span class='ocrx_word' id='word_1_86' title='bbox 759 1138 865 1210; x_wconf 86' lang='lat' dir='ltr'><strong>integris</strong></span> <span class='ocrx_word' id='word_1_87' title='bbox 889 1143 916 1193; x_wconf 90' lang='lat' dir='ltr'><strong>et</strong></span> <span class='ocrx_word' id='word_1_88' title='bbox 939 1139 1018 1193; x_wconf 89' lang='lat' dir='ltr'><strong>oculis</strong></span> <span class='ocrx_word' id='word_1_89' title='bbox 1041 1143 1068 1194; x_wconf 90' lang='grc'><strong>11</strong></span> 
     </span>
     <span class='ocr_line' id='line_1_12' title="bbox 283 1214 1069 1286; baseline -0.001 -17"><span class='ocrx_word' id='word_1_90' title='bbox 283 1214 394 1283; x_wconf 88' lang='lat' dir='ltr'><strong>auribus,</strong></span> <span class='ocrx_word' id='word_1_91' title='bbox 411 1233 458 1271; x_wconf 85' lang='lat' dir='ltr'><strong>uec</strong></span> <span class='ocrx_word' id='word_1_92' title='bbox 475 1215 589 1271; x_wconf 84' lang='lat' dir='ltr'><strong>videmus</strong></span> <span class='ocrx_word' id='word_1_93' title='bbox 606 1232 653 1271; x_wconf 85' lang='lat' dir='ltr'><strong>nec</strong></span> <span class='ocrx_word' id='word_1_94' title='bbox 670 1215 801 1270; x_wconf 88' lang='lat' dir='ltr'><strong>audimus:</strong></span> <span class='ocrx_word' id='word_1_95' title='bbox 826 1219 856 1269; x_wconf 89' lang='lat' dir='ltr'><strong>ut</strong></span> <span class='ocrx_word' id='word_1_96' title='bbox 871 1214 944 1269; x_wconf 81' lang='lat' dir='ltr'><strong>facile</strong></span> <span class='ocrx_word' id='word_1_97' title='bbox 960 1214 1069 1286; x_wconf 84' lang='lat' dir='ltr'><strong>intelligi</strong></span> 
     </span>
     <span class='ocr_line' id='line_1_13' title="bbox 283 1290 1068 1361; baseline 0.003 -17"><span class='ocrx_word' id='word_1_98' title='bbox 283 1292 372 1361; x_wconf 86' lang='lat' dir='ltr'><strong>possit,</strong></span> <span class='ocrx_word' id='word_1_99' title='bbox 385 1291 494 1347; x_wconf 86' lang='lat' dir='ltr'><strong>animum</strong></span> <span class='ocrx_word' id='word_1_100' title='bbox 506 1299 533 1346; x_wconf 87' lang='lat' dir='ltr'><strong>ct</strong></span> <span class='ocrx_word' id='word_1_101' title='bbox 544 1290 629 1346; x_wconf 84' lang='lat' dir='ltr'><strong>videre</strong></span> <span class='ocrx_word' id='word_1_102' title='bbox 641 1295 668 1347; x_wconf 92' lang='grc'><strong>11</strong></span> <span class='ocrx_word' id='word_1_103' title='bbox 682 1290 776 1357; x_wconf 82' lang='lat' dir='ltr'><strong>audire,</strong></span> <span class='ocrx_word' id='word_1_104' title='bbox 788 1309 839 1346; x_wconf 89' lang='lat' dir='ltr'><strong>non</strong></span> <span class='ocrx_word' id='word_1_105' title='bbox 850 1308 892 1345; x_wconf 84' lang='lat' dir='ltr'><strong>eas</strong></span> <span class='ocrx_word' id='word_1_106' title='bbox 906 1294 999 1360; x_wconf 81' lang='lat' dir='ltr'><strong>partes,</strong></span> <span class='ocrx_word' id='word_1_107' title='bbox 1012 1309 1068 1361; x_wconf 88' lang='lat' dir='ltr'><strong>quae</strong></span> 
     </span>
     <span class='ocr_line' id='line_1_14' title="bbox 283 1366 1068 1437; baseline 0 -16"><span class='ocrx_word' id='word_1_108' title='bbox 283 1367 356 1437; x_wconf 84' lang='lat' dir='ltr'><strong>quasi</strong></span> <span class='ocrx_word' id='word_1_109' title='bbox 367 1366 484 1423; x_wconf 79' lang='lat' dir='ltr'><strong>fenestrae</strong></span> <span class='ocrx_word' id='word_1_110' title='bbox 499 1370 560 1421; x_wconf 89' lang='lat' dir='ltr'><strong>aunt</strong></span> <span class='ocrx_word' id='word_1_111' title='bbox 576 1367 667 1421; x_wconf 85' lang='lat' dir='ltr'><strong>animi:</strong></span> <span class='ocrx_word' id='word_1_112' title='bbox 687 1366 778 1437; x_wconf 86' lang='lat' dir='ltr'><strong>quibus</strong></span> <span class='ocrx_word' id='word_1_113' title='bbox 794 1371 880 1421; x_wconf 89' lang='lat' dir='ltr'><strong>tamen</strong></span> <span class='ocrx_word' id='word_1_114' title='bbox 895 1366 989 1421; x_wconf 88' lang='lat' dir='ltr'><strong>sentire</strong></span> <span class='ocrx_word' id='word_1_115' title='bbox 1005 1366 1068 1421; x_wconf 89' lang='lat' dir='ltr'><strong>nihil</strong></span> 
     </span>
     <span class='ocr_line' id='line_1_15' title="bbox 283 1440 1067 1513; baseline 0 -17"><span class='ocrx_word' id='word_1_116' title='bbox 283 1445 359 1513; x_wconf 85' lang='lat' dir='ltr'><strong>queat</strong></span> <span class='ocrx_word' id='word_1_117' title='bbox 376 1459 454 1509; x_wconf 86' lang='lat' dir='ltr'><strong>mens,</strong></span> <span class='ocrx_word' id='word_1_118' title='bbox 469 1441 519 1495; x_wconf 82' lang='lat' dir='ltr'><strong>uisi</strong></span> <span class='ocrx_word' id='word_1_119' title='bbox 533 1440 561 1495; x_wconf 95' lang='lat' dir='ltr'><strong>id</strong></span> <span class='ocrx_word' id='word_1_120' title='bbox 576 1446 635 1511; x_wconf 82' lang='lat' dir='ltr'><strong>agat</strong></span> <span class='ocrx_word' id='word_1_121' title='bbox 651 1445 678 1496; x_wconf 90' lang='lat' dir='ltr'><strong>et</strong></span> <span class='ocrx_word' id='word_1_122' title='bbox 694 1440 768 1496; x_wconf 86' lang='lat' dir='ltr'><strong>adsit.</strong></span> <span class='ocrx_word' id='word_1_123' title='bbox 805 1441 878 1507; x_wconf 88' lang='lat' dir='ltr'><strong>Quid,</strong></span> <span class='ocrx_word' id='word_1_124' title='bbox 895 1441 964 1511; x_wconf 91' lang='lat' dir='ltr'><strong>quod</strong></span> <span class='ocrx_word' id='word_1_125' title='bbox 980 1442 1067 1496; x_wconf 89' lang='lat' dir='ltr'><strong>eadem</strong></span> 
     </span>
     <span class='ocr_line' id='line_1_16' title="bbox 282 1516 1067 1586; baseline -0.003 -14"><span class='ocrx_word' id='word_1_126' title='bbox 282 1520 366 1572; x_wconf 87' lang='lat' dir='ltr'><strong>mente</strong></span> <span class='ocrx_word' id='word_1_127' title='bbox 386 1534 427 1571; x_wconf 87' lang='lat' dir='ltr'><strong>res</strong></span> <span class='ocrx_word' id='word_1_128' title='bbox 445 1516 620 1571; x_wconf 85' lang='lat' dir='ltr'><strong>dissimillimas</strong></span> <span class='ocrx_word' id='word_1_129' title='bbox 640 1516 882 1586; x_wconf 87' lang='lat' dir='ltr'><strong>comprehendimus,</strong></span> <span class='ocrx_word' id='word_1_130' title='bbox 900 1524 930 1571; x_wconf 93' lang='lat' dir='ltr'><strong>ut</strong></span> <span class='ocrx_word' id='word_1_131' title='bbox 950 1517 1067 1585; x_wconf 88' lang='lat' dir='ltr'><strong>colorem,</strong></span> 
     </span>
     <span class='ocr_line' id='line_1_17' title="bbox 282 1592 1067 1664; baseline 0 -16"><span class='ocrx_word' id='word_1_132' title='bbox 282 1611 404 1664; x_wconf 86' lang='lat' dir='ltr'><strong>saporem,</strong></span> <span class='ocrx_word' id='word_1_133' title='bbox 412 1593 527 1657; x_wconf 85' lang='lat' dir='ltr'><strong>calorem,</strong></span> <span class='ocrx_word' id='word_1_134' title='bbox 538 1592 647 1657; x_wconf 88' lang='lat' dir='ltr'><strong>odorem,</strong></span> <span class='ocrx_word' id='word_1_135' title='bbox 658 1610 747 1647; x_wconf 89' lang='lat' dir='ltr'><strong>sonum</strong></span> <span class='ocrx_word' id='word_1_136' title='bbox 757 1594 767 1647; x_wconf 85' lang='lat' dir='ltr'><strong>l</strong></span> <span class='ocrx_word' id='word_1_137' title='bbox 784 1612 840 1663; x_wconf 80' lang='lat' dir='ltr'><strong>qua</strong></span> <span class='ocrx_word' id='word_1_138' title='bbox 848 1611 984 1664; x_wconf 88' lang='lat' dir='ltr'><strong>numquam</strong></span> <span class='ocrx_word' id='word_1_139' title='bbox 994 1595 1067 1664; x_wconf 90' lang='lat' dir='ltr'><strong>quiu-</strong></span> 
     </span>
     <span class='ocr_line' id='line_1_18' title="bbox 282 1668 1067 1739; baseline 0.001 -16"><span class='ocrx_word' id='word_1_140' title='bbox 282 1688 331 1739; x_wconf 90' lang='lat' dir='ltr'><strong>que</strong></span> <span class='ocrx_word' id='word_1_141' title='bbox 342 1668 438 1723; x_wconf 90' lang='lat' dir='ltr'><strong>nuntiis</strong></span> <span class='ocrx_word' id='word_1_142' title='bbox 454 1668 553 1723; x_wconf 86' lang='lat' dir='ltr'><strong>animus</strong></span> <span class='ocrx_word' id='word_1_143' title='bbox 564 1672 735 1738; x_wconf 80' lang='lat' dir='ltr'><strong>cognosceret,</strong></span> <span class='ocrx_word' id='word_1_144' title='bbox 748 1668 797 1723; x_wconf 93' lang='lat' dir='ltr'><strong>nisi</strong></span> <span class='ocrx_word' id='word_1_145' title='bbox 813 1668 845 1722; x_wconf 88' lang='lat' dir='ltr'><strong>ad</strong></span> <span class='ocrx_word' id='word_1_146' title='bbox 856 1687 913 1723; x_wconf 88' lang='lat' dir='ltr'><strong>eum</strong></span> <span class='ocrx_word' id='word_1_147' title='bbox 932 1670 1016 1723; x_wconf 91' lang='lat' dir='ltr'><strong>omnia</strong></span> <span class='ocrx_word' id='word_1_148' title='bbox 1027 1688 1067 1724; x_wconf 90' lang='lat' dir='ltr'><strong>re·</strong></span> 
     </span>
     <span class='ocr_line' id='line_1_19' title="bbox 281 1743 1067 1816; baseline 0.003 -17"><span class='ocrx_word' id='word_1_149' title='bbox 281 1744 415 1809; x_wconf 80' lang='grc'>1111111111,</span> <span class='ocrx_word' id='word_1_150' title='bbox 430 1750 461 1799; x_wconf 88' lang='grc'><strong>11</strong></span> <span class='ocrx_word' id='word_1_151' title='bbox 477 1744 543 1799; x_wconf 91' lang='lat' dir='ltr'><strong>idem</strong></span> <span class='ocrx_word' id='word_1_152' title='bbox 560 1743 671 1798; x_wconf 90' lang='lat' dir='ltr'><strong>omnium</strong></span> <span class='ocrx_word' id='word_1_153' title='bbox 687 1743 767 1814; x_wconf 80' lang='lat' dir='ltr'><strong>judex</strong></span> <span class='ocrx_word' id='word_1_154' title='bbox 784 1744 853 1798; x_wconf 91' lang='lat' dir='ltr'><strong>solus</strong></span> <span class='ocrx_word' id='word_1_155' title='bbox 869 1748 944 1799; x_wconf 87' lang='lat' dir='ltr'><strong>esset.</strong></span> <span class='ocrx_word' id='word_1_156' title='bbox 980 1746 1067 1816; x_wconf 88' lang='lat' dir='ltr'><strong>Atque</strong></span> 
     </span>
     <span class='ocr_line' id='line_1_20' title="bbox 281 1818 1065 1891; baseline 0 -16"><span class='ocrx_word' id='word_1_157' title='bbox 281 1838 312 1875; x_wconf 91' lang='lat' dir='ltr'><strong>ea</strong></span> <span class='ocrx_word' id='word_1_158' title='bbox 322 1819 436 1891; x_wconf 81' lang='lat' dir='ltr'><strong>proiecto</strong></span> <span class='ocrx_word' id='word_1_159' title='bbox 447 1824 503 1875; x_wconf 90' lang='lat' dir='ltr'><strong>tum</strong></span> <span class='ocrx_word' id='word_1_160' title='bbox 518 1819 600 1875; x_wconf 85' lang='lat' dir='ltr'><strong>multo</strong></span> <span class='ocrx_word' id='word_1_161' title='bbox 612 1818 714 1889; x_wconf 89' lang='lat' dir='ltr'><strong>puriora</strong></span> <span class='ocrx_word' id='word_1_162' title='bbox 725 1823 751 1873; x_wconf 93' lang='lat' dir='ltr'><strong>et</strong></span> <span class='ocrx_word' id='word_1_163' title='bbox 763 1819 911 1875; x_wconf 86' lang='lat' dir='ltr'><strong>dilucidiora</strong></span> <span class='ocrx_word' id='word_1_164' title='bbox 922 1825 1065 1887; x_wconf 86' lang='lat' dir='ltr'><strong>cernentur,</strong></span> 
     </span>
     <span class='ocr_line' id='line_1_21' title="bbox 240 1894 1066 1968; baseline 0.005 -20"><span class='ocrx_word' id='word_1_165' title='bbox 240 1898 271 1948; x_wconf 76' lang='lat'><strong>4⁷</strong></span> <span class='ocrx_word' id='word_1_166' title='bbox 281 1914 366 1968; x_wconf 87' lang='lat' dir='ltr'><strong>quum,</strong></span> <span class='ocrx_word' id='word_1_167' title='bbox 379 1914 430 1967; x_wconf 92' lang='lat' dir='ltr'><strong>quo</strong></span> <span class='ocrx_word' id='word_1_168' title='bbox 445 1895 607 1960; x_wconf 82' lang='grc'>1111111111,</span> <span class='ocrx_word' id='word_1_169' title='bbox 620 1894 684 1951; x_wconf 87' lang='lat' dir='ltr'><strong>liber</strong></span> <span class='ocrx_word' id='word_1_170' title='bbox 698 1895 796 1950; x_wconf 87' lang='lat' dir='ltr'><strong>animus</strong></span> <span class='ocrx_word' id='word_1_171' title='bbox 812 1896 961 1965; x_wconf 89' lang='lat' dir='ltr'><strong>pervenerit.</strong></span> <span class='ocrx_word' id='word_1_172' title='bbox 996 1896 1066 1952; x_wconf 90' lang='lat' dir='ltr'><strong>Nam</strong></span> 
     </span>
     <span class='ocr_line' id='line_1_22' title="bbox 279 1970 1066 2043; baseline 0.001 -17"><span class='ocrx_word' id='word_1_173' title='bbox 279 1990 348 2027; x_wconf 89' lang='lat' dir='ltr'><strong>nunc</strong></span> <span class='ocrx_word' id='word_1_174' title='bbox 365 1971 473 2043; x_wconf 88' lang='lat' dir='ltr'><strong>quidem,</strong></span> <span class='ocrx_word' id='word_1_175' title='bbox 487 1990 637 2043; x_wconf 85' lang='lat' dir='ltr'><strong>quamquam</strong></span> <span class='ocrx_word' id='word_1_176' title='bbox 654 1970 778 2027; x_wconf 74' lang='lat' dir='ltr'><strong>foramina</strong></span> <span class='ocrx_word' id='word_1_177' title='bbox 793 1970 843 2037; x_wconf 85' lang='lat' dir='ltr'><strong>illa,</strong></span> <span class='ocrx_word' id='word_1_178' title='bbox 856 1989 911 2041; x_wconf 77' lang='lat' dir='ltr'><strong>qua</strong></span> <span class='ocrx_word' id='word_1_179' title='bbox 928 1975 1017 2041; x_wconf 85' lang='lat' dir='ltr'><strong>patent</strong></span> <span class='ocrx_word' id='word_1_180' title='bbox 1033 1972 1066 2027; x_wconf 89' lang='lat' dir='ltr'><strong>ad</strong></span> 
     </span>
     <span class='ocr_line' id='line_1_23' title="bbox 280 2046 1067 2118; baseline 0 -15"><span class='ocrx_word' id='word_1_181' title='bbox 280 2048 391 2103; x_wconf 85' lang='lat' dir='ltr'><strong>animum</strong></span> <span class='ocrx_word' id='word_1_182' title='bbox 402 2066 418 2104; x_wconf 88' lang='lat' dir='ltr'><strong>a</strong></span> <span class='ocrx_word' id='word_1_183' title='bbox 429 2066 540 2118; x_wconf 92' lang='lat' dir='ltr'><strong>corpore,</strong></span> <span class='ocrx_word' id='word_1_184' title='bbox 553 2046 713 2103; x_wconf 84' lang='lat' dir='ltr'><strong>callidissimo</strong></span> <span class='ocrx_word' id='word_1_185' title='bbox 724 2046 830 2102; x_wconf 83' lang='lat' dir='ltr'><strong>artificio</strong></span> <span class='ocrx_word' id='word_1_186' title='bbox 841 2050 933 2100; x_wconf 87' lang='lat' dir='ltr'><strong>natura</strong></span> <span class='ocrx_word' id='word_1_187' title='bbox 943 2046 1067 2103; x_wconf 84' lang='lat' dir='ltr'><strong>fabricata</strong></span> 
     </span>
     <span class='ocr_line' id='line_1_24' title="bbox 279 2121 1065 2194; baseline 0.001 -18"><span class='ocrx_word' id='word_1_188' title='bbox 279 2127 426 2187; x_wconf 72' lang='lat' dir='ltr'><strong>esttamen</strong></span> <span class='ocrx_word' id='word_1_189' title='bbox 440 2124 547 2179; x_wconf 85' lang='lat' dir='ltr'><strong>terrenis</strong></span> <span class='ocrx_word' id='word_1_190' title='bbox 562 2123 737 2194; x_wconf 80' lang='lat' dir='ltr'><strong>concretisque</strong></span> <span class='ocrx_word' id='word_1_191' title='bbox 749 2121 895 2193; x_wconf 85' lang='lat' dir='ltr'><strong>corporibus</strong></span> <span class='ocrx_word' id='word_1_192' title='bbox 911 2126 972 2176; x_wconf 91' lang='lat' dir='ltr'><strong>sunt</strong></span> <span class='ocrx_word' id='word_1_193' title='bbox 986 2122 1065 2177; x_wconf 88' lang='lat' dir='ltr'><strong>inter·</strong></span> 
     </span>
     <span class='ocr_line' id='line_1_25' title="bbox 279 2197 1066 2269; baseline 0.001 -16"><span class='ocrx_word' id='word_1_194' title='bbox 279 2204 352 2267; x_wconf 77' lang='lat' dir='ltr'><strong>septu</strong></span> <span class='ocrx_word' id='word_1_195' title='bbox 372 2198 562 2269; x_wconf 82' lang='lat' dir='ltr'><strong>quodammodo.</strong></span> <span class='ocrx_word' id='word_1_196' title='bbox 598 2199 685 2258; x_wconf 78' lang='lat' dir='ltr'><strong>Quum</strong></span> <span class='ocrx_word' id='word_1_197' title='bbox 706 2201 791 2253; x_wconf 85' lang='lat' dir='ltr'><strong>autern</strong></span> <span class='ocrx_word' id='word_1_198' title='bbox 815 2197 878 2252; x_wconf 92' lang='lat' dir='ltr'><strong>nihil</strong></span> <span class='ocrx_word' id='word_1_199' title='bbox 901 2197 949 2252; x_wconf 90' lang='lat' dir='ltr'><strong>erit</strong></span> <span class='ocrx_word' id='word_1_200' title='bbox 972 2203 1066 2269; x_wconf 88' lang='lat' dir='ltr'><strong>praeter</strong></span> 
     </span>
     <span class='ocr_line' id='line_1_26' title="bbox 279 2271 1066 2344; baseline 0.004 -17"><span class='ocrx_word' id='word_1_201' title='bbox 279 2274 399 2339; x_wconf 89' lang='lat' dir='ltr'><strong>animum,</strong></span> <span class='ocrx_word' id='word_1_202' title='bbox 416 2272 486 2328; x_wconf 78' lang='lat' dir='ltr'><strong>nulla</strong></span> <span class='ocrx_word' id='word_1_203' title='bbox 503 2292 544 2328; x_wconf 86' lang='lat' dir='ltr'><strong>res</strong></span> <span class='ocrx_word' id='word_1_204' title='bbox 565 2271 664 2342; x_wconf 83' lang='lat' dir='ltr'><strong>objecta</strong></span> <span class='ocrx_word' id='word_1_205' title='bbox 684 2272 811 2343; x_wconf 86' lang='lat' dir='ltr'><strong>impediet,</strong></span> <span class='ocrx_word' id='word_1_206' title='bbox 831 2290 881 2343; x_wconf 92' lang='lat' dir='ltr'><strong>quo</strong></span> <span class='ocrx_word' id='word_1_207' title='bbox 904 2272 987 2328; x_wconf 84' lang='lat' dir='ltr'><strong>minus</strong></span> <span class='ocrx_word' id='word_1_208' title='bbox 1008 2292 1066 2344; x_wconf 75' lang='lat' dir='ltr'><strong>per,-</strong></span> 
     </span>
     <span class='ocr_line' id='line_1_27' title="bbox 278 2348 623 2420; baseline -0.006 -16"><span class='ocrx_word' id='word_1_209' title='bbox 278 2349 363 2419; x_wconf 89' lang='lat' dir='ltr'><strong>cipiat,</strong></span> <span class='ocrx_word' id='word_1_210' title='bbox 376 2348 449 2419; x_wconf 89' lang='lat' dir='ltr'><strong>quale</strong></span> <span class='ocrx_word' id='word_1_211' title='bbox 461 2348 570 2420; x_wconf 90' lang='lat' dir='ltr'><strong>quidque</strong></span> <span class='ocrx_word' id='word_1_212' title='bbox 582 2349 623 2403; x_wconf 83' lang='lat' dir='ltr'><strong>sit</strong></span> 
     </span>
     <span class='ocr_line' id='line_1_28' title="bbox 312 2423 1064 2501; baseline 0 -21"><span class='ocrx_word' id='word_1_213' title='bbox 312 2425 387 2480; x_wconf 84' lang='lat' dir='ltr'>XXI.</span> <span class='ocrx_word' id='word_1_214' title='bbox 405 2424 527 2483; x_wconf 81' lang='lat' dir='ltr'><strong>Quamvis</strong></span> <span class='ocrx_word' id='word_1_215' title='bbox 546 2424 647 2501; x_wconf 85' lang='lat' dir='ltr'><strong>copiose</strong></span> <span class='ocrx_word' id='word_1_216' title='bbox 665 2423 719 2480; x_wconf 83' lang='lat' dir='ltr'><strong>lraec</strong></span> <span class='ocrx_word' id='word_1_217' title='bbox 737 2424 884 2489; x_wconf 87' lang='lat' dir='ltr'><strong>diceremus,</strong></span> <span class='ocrx_word' id='word_1_218' title='bbox 905 2424 928 2478; x_wconf 94' lang='lat' dir='ltr'><strong>si</strong></span> <span class='ocrx_word' id='word_1_219' title='bbox 946 2442 987 2479; x_wconf 88' lang='lat' dir='ltr'><strong>res</strong></span> <span class='ocrx_word' id='word_1_220' title='bbox 1007 2442 1064 2495; x_wconf 88' lang='lat' dir='ltr'><strong>pos·</strong></span> 
     </span>
     <span class='ocr_line' id='line_1_29' title="bbox 276 2500 1065 2570; baseline 0 -14"><span class='ocrx_word' id='word_1_221' title='bbox 276 2501 378 2567; x_wconf 86' lang='lat' dir='ltr'><strong>tularet,</strong></span> <span class='ocrx_word' id='word_1_222' title='bbox 400 2518 475 2570; x_wconf 91' lang='lat' dir='ltr'><strong>quam</strong></span> <span class='ocrx_word' id='word_1_223' title='bbox 499 2500 586 2563; x_wconf 82' lang='lat' dir='ltr'><strong>multa,</strong></span> <span class='ocrx_word' id='word_1_224' title='bbox 605 2518 681 2570; x_wconf 87' lang='lat' dir='ltr'><strong>quam</strong></span> <span class='ocrx_word' id='word_1_225' title='bbox 704 2500 780 2564; x_wconf 86' lang='lat' dir='ltr'><strong>varia,</strong></span> <span class='ocrx_word' id='word_1_226' title='bbox 802 2504 897 2569; x_wconf 87' lang='lat' dir='ltr'><strong>quanta</strong></span> <span class='ocrx_word' id='word_1_227' title='bbox 920 2502 1065 2569; x_wconf 85' lang='lat' dir='ltr'><strong>spectacula</strong></span> 
     </span>
     <span class='ocr_line' id='line_1_30' title="bbox 237 2576 1064 2646; baseline 0.001 -15"><span class='ocrx_word' id='word_1_228' title='bbox 237 2580 375 2633; x_wconf 69' lang='lat' dir='ltr'><strong>tacuimus</strong></span> <span class='ocrx_word' id='word_1_229' title='bbox 391 2578 418 2632; x_wconf 92' lang='lat' dir='ltr'><strong>in</strong></span> <span class='ocrx_word' id='word_1_230' title='bbox 431 2576 493 2632; x_wconf 89' lang='lat' dir='ltr'><strong>locis</strong></span> <span class='ocrx_word' id='word_1_231' title='bbox 509 2576 651 2632; x_wconf 70' lang='lat' dir='ltr'><strong>celestibus</strong></span> <span class='ocrx_word' id='word_1_232' title='bbox 668 2581 736 2633; x_wconf 82' lang='lat' dir='ltr'><strong>esset</strong></span> <span class='ocrx_word' id='word_1_233' title='bbox 752 2577 893 2631; x_wconf 82' lang='lat' dir='ltr'><strong>habiturus.</strong></span> <span class='ocrx_word' id='word_1_234' title='bbox 929 2578 1064 2646; x_wconf 61' lang='grc'>11111111-</span> 
     </span>
     <span class='ocr_line' id='line_1_31' title="bbox 276 2651 1063 2725; baseline -0.003 -16"><span class='ocrx_word' id='word_1_235' title='bbox 276 2654 332 2709; x_wconf 91' lang='lat' dir='ltr'><strong>dem</strong></span> <span class='ocrx_word' id='word_1_236' title='bbox 356 2655 479 2725; x_wconf 81' lang='lat' dir='ltr'><strong>cogitans,</strong></span> <span class='ocrx_word' id='word_1_237' title='bbox 502 2653 571 2708; x_wconf 90' lang='lat' dir='ltr'><strong>soleo</strong></span> <span class='ocrx_word' id='word_1_238' title='bbox 594 2670 660 2722; x_wconf 80' lang='lat' dir='ltr'><strong>soepe</strong></span> <span class='ocrx_word' id='word_1_239' title='bbox 683 2652 768 2707; x_wconf 84' lang='lat' dir='ltr'><strong>miruri</strong></span> <span class='ocrx_word' id='word_1_240' title='bbox 794 2651 972 2707; x_wconf 89' lang='lat' dir='ltr'><strong>nonnullorum</strong></span> <span class='ocrx_word' id='word_1_241' title='bbox 995 2653 1063 2707; x_wconf 88' lang='lat' dir='ltr'><strong>inso-</strong></span> 
     </span>
     <span class='ocr_line' id='line_1_32' title="bbox 269 2727 1063 2799; baseline 0 -18"><span class='ocrx_word' id='word_1_242' title='bbox 269 2730 377 2783; x_wconf 82' lang='lat' dir='ltr'><strong>lentiam</strong></span> <span class='ocrx_word' id='word_1_243' title='bbox 399 2729 615 2799; x_wconf 86' lang='lat' dir='ltr'><strong>philosophorum,</strong></span> <span class='ocrx_word' id='word_1_244' title='bbox 638 2728 683 2799; x_wconf 90' lang='lat' dir='ltr'><strong>qui</strong></span> <span class='ocrx_word' id='word_1_245' title='bbox 705 2734 802 2783; x_wconf 88' lang='lat' dir='ltr'><strong>naturae</strong></span> <span class='ocrx_word' id='word_1_246' title='bbox 827 2728 995 2797; x_wconf 84' lang='lat' dir='ltr'><strong>cognitionem</strong></span> <span class='ocrx_word' id='word_1_247' title='bbox 1020 2727 1063 2781; x_wconf 91' lang='lat' dir='ltr'><strong>ad·</strong></span> 
     </span>
     <span class='ocr_line' id='line_1_33' title="bbox 249 2801 1063 2878; baseline 0.002 -25"><span class='ocrx_word' id='word_1_248' title='bbox 249 2802 393 2863; x_wconf 65' lang='lat' dir='ltr'><strong>mannent,</strong></span> <span class='ocrx_word' id='word_1_249' title='bbox 413 2809 526 2878; x_wconf 55' lang='lat' dir='ltr'><strong>&amp;usque</strong></span> <span class='ocrx_word' id='word_1_250' title='bbox 543 2805 675 2863; x_wconf 77' lang='grc'>1111111111</span> <span class='ocrx_word' id='word_1_251' title='bbox 695 2809 721 2861; x_wconf 88' lang='grc'><strong>11</strong></span> <span class='ocrx_word' id='word_1_252' title='bbox 738 2804 845 2876; x_wconf 85' lang='lat' dir='ltr'><strong>principi</strong></span> <span class='ocrx_word' id='word_1_253' title='bbox 863 2803 957 2874; x_wconf 79' lang='lat' dir='ltr'><strong>gratias</strong></span> <span class='ocrx_word' id='word_1_254' title='bbox 979 2801 1063 2856; x_wconf 80' lang='lat' dir='ltr'><strong>exsul·</strong></span> 
     </span>
     <span class='ocr_line' id='line_1_34' title="bbox 232 2868 1067 2959; baseline -0.014 -17"><span class='ocrx_word' id='word_1_255' title='bbox 232 2868 329 2926; x_wconf 60' lang='lat'><strong>“¹¹⁸⁶‘&#39;</strong></span> <span class='ocrx_word' id='word_1_256' title='bbox 344 2886 440 2948; x_wconf 68' lang='lat' dir='ltr'><strong>agunt,</strong></span> <span class='ocrx_word' id='word_1_257' title='bbox 460 2901 582 2959; x_wconf 76' lang='lat' dir='ltr'><strong>eumque</strong></span> <span class='ocrx_word' id='word_1_258' title='bbox 599 2888 771 2951; x_wconf 81' lang='lat' dir='ltr'><strong>venerantur,</strong></span> <span class='ocrx_word' id='word_1_259' title='bbox 785 2887 818 2939; x_wconf 81' lang='lat' dir='ltr'><strong>ut</strong></span> <span class='ocrx_word' id='word_1_260' title='bbox 836 2879 929 2938; x_wconf 67' lang='lat' dir='ltr'><strong>deumz</strong></span> <span class='ocrx_word' id='word_1_261' title='bbox 944 2877 1067 2933; x_wconf 74' lang='lat' dir='ltr'><strong>liberatos</strong></span> 
     </span>
    </p>
   </div>
   <div class='ocr_carea' id='block_1_4' title="bbox 0 0 1322 3367">
    <p class='ocr_par' dir='ltr' id='par_1_4' title="bbox 0 0 1322 3367">
     <span class='ocr_line' id='line_1_35' title="bbox 0 0 1322 3367; baseline 0 3"><span class='ocrx_word' id='word_1_262' title='bbox 0 0 1322 3367; x_wconf 95' lang='lat' dir='ltr'><strong> </strong></span> 
     </span>
    </p>
   </div>
  </div>
 </body>
</html>
