2634 3367
499 323 615 372 L113.11.
645 323 719 370 cAP.
737 325 775 371 25.
1004 321 1035 371 77

271 437 358 492 XXV.
382 436 467 503 Dices,
490 433 551 505 quid
571 434 598 487 in
620 434 702 503 pacel
729 433 790 504 quid
812 433 899 488 domil
927 432 987 503 quid
1007 432 1075 492 inco

234 513 349 568 lectulo?
385 510 427 563 Ad
438 510 599 581 philosophos
618 528 658 563 me
673 528 783 576 revocas,
797 510 879 580 quiin
892 508 969 562 aciem
982 527 1033 561 non

235 608 303 659 saepe
318 586 451 658 prodeunt.
486 586 509 639 Ε
522 586 613 655 quibus
625 585 701 639 homo
713 604 773 640 sane
789 586 853 640 levis
866 585 1031 639 Heracleotes

234 665 380 735 Dionysius,
391 681 469 732 quum
482 662 606 715 aZeuone
616 661 689 714 fortis
702 679 759 715 esse
771 661 907 725 didicisset,
919 679 934 714 a
946 661 1032 715 dolore

234 741 360 812 deductus
373 742 419 792 cst.
456 740 482 791 N
483 756 522 791 sm
535 756 613 807 quum
626 756 658 790 ex
670 737 773 791 renibus
790 736 923 801 laboraret,
936 737 992 806 ipso
1004 738 1031 791 in

233 817 335 886 ejulatu
350 814 502 878 clamitabat,
516 814 579 867 falsa
594 832 651 867 esse
669 813 719 876 illa,
733 831 789 884 quac
805 818 881 867 antea
897 813 928 866 de
945 812 1031 869 dolore
1117 851 1121 859 .

233 894 289 962 ipse
310 891 439 945 sensisset.
476 891 560 949 Quem
582 908 661 960 quum
683 889 819 943 Cleanthes
844 889 1031 959 condiscipulus

232 971 344 1037 rogaret,
365 984 480 1035 quamam
504 966 569 1019 ratio
591 984 648 1019 eum
670 964 701 1019 de
726 964 853 1029 sententia
873 964 1028 1034 deduxisset,

231 1042 373 1112 respondit,
392 1042 465 1108 Quia,
484 1060 562 1111 quum
581 1046 683 1095 tautum
704 1058 787 1109 operae
805 1040 969 1109 philosophia
987 1041 1030 1095 de-

232 1118 335 1182 dissem,
355 1115 466 1170 dolorem
487 1122 574 1171 tamen
590 1117 657 1170 ferre
677 1134 730 1169 non
751 1133 858 1185 possem,
878 1116 940 1169 satis
962 1122 1030 1171 esset

231 1193 385 1264 argumenti,
396 1192 490 1246 malum
503 1211 559 1247 esse
571 1192 689 1246 dolorem.
715 1191 841 1244 Plurimos
854 1194 939 1244 autem
952 1209 1030 1247 annos

229 1270 259 1324 in
272 1268 429 1339 philosophia
441 1269 594 1338 consumpsi,
607 1285 654 1321 neo
667 1268 733 1320 ferre
746 1284 864 1336 possum:
885 1266 977 1319 malum
990 1273 1030 1321 est

228 1345 312 1416 igitur
324 1344 402 1398 dolor.
438 1344 503 1398 Tum
516 1344 671 1408 Cleanthem,
685 1362 762 1415 quum
778 1342 842 1412 pede
859 1347 954 1396 terram
972 1361 1030 1414 per-

229 1422 363 1486 cussisset,
377 1440 478 1476 versum
491 1440 522 1476 ex
534 1422 657 1493 Epigonis
670 1422 756 1475 ferunt
768 1420 876 1474 dixisse:

298 1503 408 1554 Audisne
419 1506 479 1563 haec,
493 1506 644 1568 Amphiarteq
658 1508 702 1553 sub
714 1514 800 1553 terram
811 1506 906 1552 abdite?

230 1581 359 1635 Zenonem
376 1581 549 1651 significabat:
569 1599 646 1651 aquo
662 1581 732 1635 illum
750 1580 901 1652 degenerare
918 1578 1026 1634 dolebat.
1036 1584 1065 1631 ol

229 1659 269 1710 At
287 1673 338 1710 non
356 1661 443 1711 noster
455 1656 622 1711 Posidonius:
641 1676 716 1727 quem
733 1661 760 1710 et
777 1657 832 1725 ipse
849 1675 915 1727 saepe
927 1656 986 1719 vidi,
1000 1660 1027 1709 et

228 1731 258 1786 id
279 1731 367 1799 dicam,
389 1732 457 1802 quod
478 1732 573 1786 solebat
592 1750 694 1786 narrare
715 1733 867 1801 Pompeius:
892 1751 927 1796 se,
948 1750 1026 1802 quum

229 1807 352 1862 Rhodum
373 1808 485 1862 venisset
505 1807 628 1863 decedens
649 1826 682 1862 ex
704 1808 784 1877 Syria,
808 1807 895 1862 audire
916 1807 1026 1861 voluisse

229 1883 411 1937 Posidonium:
438 1882 482 1937 sed
500 1902 577 1954 quum
596 1883 742 1947 audivisset,
762 1902 819 1936 eum
838 1883 950 1951 graviter
970 1900 1026 1936 esse

229 1976 335 2028 aegrum,
347 1958 414 2029 quod
427 1959 590 2013 vehementer
601 1962 656 2028 ejus
670 1962 740 2012 artus
753 1958 903 2021 laborarent,
916 1957 1026 2011 voluisse

228 2038 317 2088 tamen
334 2034 517 2088 nobilissimum
537 2034 713 2105 philosophum
731 2035 827 2087 visere:
852 2051 926 2104 quem
943 2037 973 2086 ut
989 2033 1027 2087 vi-

228 2109 310 2164 disset
329 2114 356 2164 et
379 2110 540 2165 salutavisset
557 2110 752 2179 honorificisque
769 2108 852 2163 verbis
874 2112 1024 2179 prosecutus

227 2190 298 2239 esset
309 2185 465 2256 molesteque
478 2205 505 2240 se
518 2186 624 2241 dixisset
635 2186 710 2250 serre,
724 2185 792 2256 quod
804 2203 862 2239 eum
874 2203 925 2238 non
937 2189 1024 2255 posset

227 2261 316 2315 audire
324 2284 332 2326 ;
351 2265 378 2315 at
389 2262 439 2326 ille,
452 2262 492 2316 Tu
503 2281 571 2327 vero,
585 2262 676 2332 inquit,
690 2268 777 2331 potes:
795 2279 842 2315 nec
859 2262 1022 2327 committam,

226 2342 258 2391 ut
278 2337 348 2392 dolor
365 2339 476 2408 corporis
494 2340 593 2403 efficiat,
610 2342 641 2392 ut
658 2338 755 2391 trustra
773 2341 860 2391 tantus
877 2338 916 2392 vir
933 2338 965 2391 ad
982 2357 1023 2394 me

226 2416 334 2467 venerit.
371 2416 463 2484 Itaque
480 2414 607 2484 narrabat,
622 2433 681 2469 eum
700 2414 811 2483 graviter
829 2415 973 2485 etcopiose
991 2416 1023 2470 de

225 2489 276 2544 hoc
290 2490 353 2560 ipso,
366 2491 429 2545 nihil
447 2510 502 2545 esse
520 2491 623 2555 bonum,
640 2491 690 2545 nisi
708 2491 776 2562 quod
793 2491 928 2545 honestum
946 2496 1023 2555 esset,

227 2564 364 2620 cubantem
381 2566 567 2636 disputavisse:
586 2586 715 2637 quumque
728 2568 800 2636 quasi
811 2570 880 2621 faces
893 2568 917 2620 ei
928 2566 1022 2620 doloris

225 2641 430 2707 admoverentur,
444 2661 510 2713 saepe
527 2642 628 2714 dixisse,
641 2643 737 2697 “Nihil
754 2645 816 2714 agis,
830 2644 916 2697 dolor:
937 2659 1022 2712 quam-

224 2718 264 2771 vis
283 2718 318 2771 sis
336 2718 466 2782 molestus,
480 2736 616 2789 numquam
635 2722 662 2772 te
677 2737 733 2772 esse
745 2718 884 2773 confitebor
900 2717 1020 2771 malum.'’

226 2793 385 2864 Omninoque
406 2811 493 2848 omnes
515 2794 575 2848 clari
597 2798 623 2848 et
644 2794 775 2851 nobilitati
791 2794 899 2849 labores
917 2795 1036 2845 cuntem-

224 2867 309 2923 nendo
318 2870 384 2923 liunt
394 2870 469 2924 etiam
483 2870 640 2931 tolerabiles.
