2634 3367
462 348 529 397 LlB.
549 348 599 397 111.
620 347 694 396 CAP.
712 349 751 407 82,
764 349 802 396 88.
980 348 1023 395 11⁶

235 456 347 512 fortune
358 461 385 511 et
397 457 508 528 corporis
520 457 692 522 incommodis,
705 473 757 510 non
768 455 844 510 animi
856 453 935 529 malis:
962 454 1030 520 Quid

236 535 318 602 ergo?
343 532 411 598 illud,
434 533 501 604 quod
523 532 665 588 Alcibiades
690 532 797 598 dolebat,
822 549 874 587 non
897 548 929 586 ex
952 532 1029 586 animi

236 608 309 662 malis
326 609 444 680 vitiisque
462 609 615 664 constabatl
650 608 692 663 Ad
709 608 812 679 Epicuri
832 605 1028 662 consolationem

236 685 300 739 satis
310 690 350 739 est
362 692 421 740 ants
433 685 537 740 dictum.
606 704 610 711 ·

273 760 401 815 xxxin
422 761 464 816 Ne
481 760 524 816 ills
545 759 645 832 quidem
664 758 802 815 consolatio
820 758 964 814 firmissima
980 761 1069 824 ostii

236 854 388 907 quamquam
407 841 433 891 et
451 837 546 891 usitata
565 840 650 891 estet
671 853 736 905 sepo
754 834 873 905 prodest:
900 835 961 890 Non
982 836 1030 891 tibi

238 913 286 967 hoc
299 913 353 967 soli.
388 912 496 967 Prodest
508 912 562 967 limo
574 911 683 983 quidem,
695 916 725 965 ut
737 909 796 976 dixi,
810 910 855 966 sed
867 928 914 966 nco
931 929 1030 982 semper

236 1006 285 1043 nec
307 989 431 1043 omnibus.
473 988 539 1042 Sunt
558 988 632 1052 enim,
652 987 697 1059 qui
716 990 851 1056 respuant:
876 986 922 1043 sed
942 988 1029 1054 refert,

237 1082 289 1135 quc
302 1063 377 1119 modo
389 1063 545 1119 adhibeatur.
581 1063 621 1118 Ut
637 1063 702 1117 enim
716 1062 804 1117 tulerit
816 1062 922 1134 quisquc
933 1081 1029 1130 eorum,

238 1141 284 1212 qui
308 1142 436 1212 sapienter
458 1140 581 1204 tulerunt,
602 1157 654 1194 non
675 1156 725 1210 quo
744 1139 850 1210 quisque
873 1140 1030 1196 incommodo

238 1217 346 1272 effectus
358 1218 400 1283 sit,
413 1216 600 1288 predicandum
611 1225 658 1271 est.
684 1215 886 1287 Chrysippi-sd
897 1216 1029 1271 veritatem

238 1293 383 1348 firmissima
394 1298 450 1359 est;
469 1292 501 1347 ad
512 1298 613 1363 tempus
625 1289 931 1363 egritudinis—difficilis.
956 1290 1030 1363 Mag-

238 1388 302 1424 num
319 1387 384 1440 opus
401 1373 449 1435 est,
469 1369 576 1439 probare
593 1368 716 1433 merenti,
732 1367 804 1423 illum
821 1385 868 1422 suo
881 1366 987 1438 jndicio,
1004 1373 1030 1423 et

239 1444 309 1516 quod
326 1463 354 1501 sc
370 1446 409 1500 ita
426 1449 501 1516 putet
518 1448 636 1515 oportere
654 1444 745 1511 iecere,
758 1461 868 1500 merere.
904 1443 1029 1498 Nimirum

239 1522 328 1592 igitur,
346 1525 377 1577 ut
396 1522 423 1575 iu
440 1521 523 1576 causis
545 1539 596 1577 nou
617 1539 716 1592 semper
733 1520 830 1575 utimur
846 1518 933 1575 eodem
952 1524 1029 1583 statu,

240 1598 290 1668 (sic
306 1598 373 1652 euim
389 1597 543 1668 appellamus
559 1597 789 1652 controuersiarum
804 1596 924 1667 generum)
943 1594 987 1649 sed
999 1594 1039 1654 ad,

238 1682 349 1744 tempus,
362 1674 394 1729 ad
406 1673 583 1729 controversie
599 1678 725 1738 usturam,
738 1673 770 1728 ad
787 1690 918 1743 porsonam
934 1688 1032 1726 socom-

239 1749 388 1804 modsmus:
412 1750 495 1804 sicin
516 1749 667 1820 egritudine
687 1748 810 1814 lenienda,
829 1766 904 1819 quarn
925 1747 1031 1818 quisque

239 1825 396 1881 curationem
409 1826 520 1895 recipere
532 1824 620 1895 possit,
632 1824 767 1879 videndum
780 1828 828 1879 est.

277 1900 328 1955 Sed
344 1900 430 1956 nescio
446 1918 497 1972 quo
515 1904 590 1970 pacto
607 1899 639 1955 ab
654 1918 694 1964 eo,
706 1898 775 1969 quod
792 1902 847 1953 emt
865 1915 880 1951 a
896 1901 924 1951 te
941 1909 1072 1967 propo-80

240 1976 327 2041 situm,
349 1976 475 2031 aberravit
498 1976 587 2031 oratio.
623 1976 664 2030 Tu
684 1977 750 2029 enim
775 1974 806 2028 de
830 1972 943 2042 sapiente
964 1990 1032 2041 quse-

240 2052 336 2107 sieras:
353 2053 396 2107 cui
407 2057 452 2107 aut
464 2052 556 2107 malum
569 2050 649 2106 rideri
663 2050 760 2105 nullum
776 2054 869 2119 potest,
881 2047 947 2118 quod
960 2051 1032 2102 vacet

240 2126 415 2198 turpitudine;
443 2133 488 2182 aut
508 2128 544 2182 ita
564 2145 669 2197 psrvum
691 2125 792 2190 melum,
814 2128 844 2179 ut
864 2122 891 2177 id
911 2122 1033 2177 obruatur

240 2204 366 2273 sapientis
384 2204 476 2275 vixque
493 2210 628 2273 appaream
653 2202 695 2273 qui
715 2200 779 2256 nihil
796 2199 912 2271 opinione
930 2199 1032 2268 effingat

241 2284 404 2351 assumatque
416 2280 448 2334 ad
460 2278 651 2350 aegritudinem
669 2296 717 2333 nec
733 2277 759 2332 id
773 2282 846 2348 putet
859 2294 914 2331 esso
926 2282 1031 2341 rectum,

241 2373 270 2410 se
282 2374 358 2427 quam
373 2356 481 2410 maxime
497 2354 635 2410 excmciari
650 2354 773 2425 luctuque
788 2353 891 2419 conici;
910 2371 961 2424 quo
976 2372 1032 2424 pra-

241 2432 299 2486 vius
317 2431 380 2485 nihil
400 2450 456 2485 esse
476 2430 565 2501 possit.
602 2429 713 2485 Edocuit
731 2435 816 2484 tamen
833 2429 905 2494 ratio,
924 2435 954 2484 ut
972 2429 1033 2483 mihi

242 2506 345 2578 quidem
361 2507 469 2571 ridetur,
486 2525 565 2577 quum
581 2505 631 2560 hoc
647 2506 731 2576 ipsum
750 2506 850 2576 proprie
871 2523 921 2560 non
938 2524 1033 2574 qurere-

241 2587 314 2638 retnr
331 2582 380 2637 hoo
397 2587 518 2652 tempore,
534 2600 596 2635 num
614 2582 682 2652 quod
699 2590 767 2636 esset
785 2581 886 2645 melum,
899 2581 948 2634 nisi
965 2578 1033 2650 quod

240 2658 308 2714 idem
326 2657 376 2714 dici
389 2662 465 2728 turpe
481 2661 583 2727 posset:
601 2661 688 2711 tamen
703 2664 733 2711 ut
748 2657 897 2720 videremus,
911 2653 1033 2724 quidquid

240 2740 311 2791 esset
326 2734 354 2789 in
369 2732 519 2804 egritudine
534 2733 602 2797 mali,
615 2732 642 2787 id
657 2751 708 2787 uon
726 2730 841 2786 naturale
857 2747 921 2792 csse,
933 2729 978 2783 scd
990 2747 1033 2780 uo-

240 2810 354 2866 luntario
363 2809 462 2879 judicio
474 2815 501 2865 et
517 2808 647 2882 opinionis
662 2826 752 2866 errore
763 2810 944 2862 contractum.
968 2800 1107 2846 *isse-ax

236 2890 319 2941 orum
340 2891 382 2942 est
403 2893 493 2946 summ
511 2907 529 2947 a
545 2888 628 2948 mobis
648 2887 682 2946 id
700 2902 792 2959 getius
808 2869 999 2948 sennodum,
1011 2856 1094 2921 Q&
