2634 3367
486 331 554 380 LIB.
571 331 600 379 V.
619 331 695 380 CAP.
712 333 735 391 8,
747 335 768 381 9.
977 333 1024 382 163

231 441 277 495 aut
289 439 400 494 fortune
410 408 495 493 mala.x
519 439 678 494 Dicebantnr
689 455 750 504 nae,
764 456 821 510 qua
835 438 936 509 scripsit
948 438 1025 494 etiam

230 515 375 572 Antiochus
387 513 449 568 locis
461 514 592 583 pluribus:
609 514 730 569 virtutem
743 515 823 584 ipsam
833 532 914 584 perse
925 514 1026 569 beatam

231 592 310 647 vitam
323 590 421 645 efficere
435 607 517 659 posse,
530 608 612 659 neque
628 593 714 645 tamen
729 590 916 645 beatissimam:
935 589 1026 644 deinde

229 684 264 724 ex
282 669 379 736 majore
396 669 469 735 parte
486 665 618 735 plerasque
636 684 677 720 res
695 666 826 729 nominari,
840 666 916 720 etiam
935 666 957 720 si
969 684 1025 737 que

228 759 291 812 pars
309 741 417 806 abesset,
436 744 467 795 ut
484 741 558 805 vires,
575 745 606 795 ut
623 740 802 805 valetudinem,
822 745 852 795 ut
869 740 977 805 divitias,
995 747 1025 796 ut

229 817 362 882 honorem,
379 821 410 871 ut
427 816 540 887 gloriam,
556 834 612 886 quae
629 834 729 886 genere,
748 834 800 870 non
816 834 922 872 numero
939 834 1026 871 cerne-

227 899 338 956 rentur:
363 894 424 949 item
445 894 545 949 beatam
563 893 648 958 vitam,
668 894 745 947 etiam
763 894 785 947 si
803 912 834 948 ex
853 894 937 965 aliqua
954 901 1026 964 parte

232 969 371 1034 clauderet,
382 973 470 1024 nmen
481 987 513 1024 ex
524 968 605 1024 mrdto
616 969 712 1039 majore
724 973 796 1038 parte
808 969 922 1026 obtinere
934 987 1026 1025 nomen

232 1063 318 1100 suurn.
343 1046 407 1099 Hac
418 1062 486 1100 nunc
498 1044 629 1099 enucleare
641 1063 693 1098 nou
705 1045 741 1098 iia
753 1062 855 1099 necesse
864 1048 920 1099 est:
939 1063 1025 1116 quum·
1035 1049 1065 1094 2³

233 1139 310 1193 quam
326 1137 377 1174 non
392 1120 596 1175 constantissime
612 1119 662 1174 dici
680 1120 741 1174 mihi
753 1118 878 1174 videntur.
914 1120 982 1175 Nam
999 1125 1026 1176 et

233 1196 279 1267 qui
301 1195 392 1250 beatus
416 1200 463 1262 est,
486 1214 538 1250 non
560 1195 683 1265 intelligo,
709 1194 769 1266 quid
793 1195 912 1263 requirat,
935 1200 966 1250 ut
991 1198 1025 1250 sit

232 1271 348 1328 beatior:
367 1271 402 1341 (si
413 1277 453 1326 est
465 1272 540 1335 enim,
550 1270 619 1340 quod
630 1270 704 1337 desit,
713 1288 745 1325 ne
757 1269 847 1325 beatus
860 1270 959 1340 quidem
973 1272 1024 1340 est)

228 1352 271 1411 et,
284 1346 352 1418 quod
364 1365 397 1401 ex
411 1350 506 1416 majore
521 1351 594 1416 parte
609 1364 822 1416 unamquamque
837 1365 890 1401 rem
906 1346 1025 1417 appellari

234 1423 395 1494 spectarique
406 1421 502 1489 dicunt,
515 1426 562 1486 est,
575 1421 618 1476 nbi
631 1421 657 1475 id
669 1421 719 1475 isto
731 1422 806 1475 modo
818 1421 907 1476 valeat.
938 1422 1025 1481 Quum

234 1517 296 1554 vero
319 1498 370 1553 tria
393 1516 487 1569 genera
508 1499 631 1552 malorum
651 1515 707 1552 esse
728 1497 827 1553 dicant:
855 1499 898 1568 qui
919 1497 1026 1553 duorum

234 1592 358 1645 generum
369 1574 442 1629 malis
453 1573 570 1628 omnibus
583 1577 712 1644 urgeatur,
722 1581 752 1628 ut
764 1574 847 1628 omnia
859 1574 963 1629 adversa
975 1576 1026 1629 sint

234 1650 264 1705 in
284 1650 394 1717 fortuna,
414 1649 531 1704 omnibus
551 1668 699 1719 oppressum
723 1668 814 1720 corpus
835 1654 862 1705 et
883 1651 1027 1707 confectum

234 1724 373 1793 doloribus,
397 1725 457 1780 huic
484 1725 628 1794 paullumne
654 1725 686 1780 ad
714 1725 812 1781 beatam
837 1727 914 1782 vitam
939 1725 1026 1781 deesse

235 1801 357 1865 dicemus,
370 1818 421 1855 non
432 1801 507 1855 modo
519 1801 551 1855 ad
562 1800 751 1856 beatissimam?

272 1878 321 1931 In
339 1877 398 1932 Hoc
414 1876 475 1931 illud
491 1876 620 1946 estquod
637 1876 827 1946 Theophrastus
839 1877 964 1931 sustinere
976 1893 1027 1931 non
1036 1882 1067 1929 24

230 1953 330 2024 ¹potuit.
366 1952 434 2007 Nam
448 1971 526 2023 quum
541 1952 682 2015 statuisset,
695 1951 807 2018 verbera,
824 1955 956 2016 tormenta,
970 1970 1026 2006 cru-

229 2022 328 2086 ciatus,
341 2022 429 2091 patrie
441 2021 590 2085 eversiones,
604 2019 698 2084 exsilia,
712 2020 833 2074 orbitates
849 2038 964 2090 magnam
976 2020 1027 2075 vim

229 2097 331 2152 habere
350 2097 382 2152 ad
402 2098 467 2152 male
487 2097 627 2168 misereque
647 2094 791 2161 vivendum,
813 2114 865 2150 non
887 2100 927 2150 est
950 2114 1027 2150 ausus

229 2173 304 2229 :elate
321 2175 348 2228 et
366 2172 446 2243 ample
463 2172 540 2243 loqui,
555 2191 633 2242 quum
651 2171 780 2226 humihter
796 2170 953 2242 demisseque
971 2190 1027 2226 sen·

232 2248 307 2304 tiret.
342 2248 427 2308 Quam
448 2248 519 2312 bene,
539 2267 591 2302 non
608 2248 744 2320 queritur:
765 2251 911 2302 constanter
926 2247 1028 2318 quidem

231 2328 316 2380 certe.
351 2325 442 2395 Itaque
466 2324 527 2378 mihi
551 2324 649 2394 placere
678 2341 730 2378 non
753 2323 825 2390 solet,
849 2325 1028 2395 consequentia

232 2399 428 2471 reprehendere,
453 2418 530 2470 quum
555 2401 636 2470 prims
658 2402 820 2456 concesseris.
857 2400 910 2455 Hic
934 2405 1026 2465 autem,

231 2475 441 2546 ¹elegantissimus
453 2475 564 2529 omnium
577 2475 783 2545 philosophorum
795 2480 821 2531 et
833 2476 1026 2540 eruditissimus,

231 2569 290 2607 uon
301 2569 392 2621 magno
405 2568 480 2621 opere
493 2550 693 2620 reprehenditur,
707 2570 784 2621 quum
800 2552 851 2606 tria
862 2570 955 2622 genera
967 2551 1028 2605 dicit

229 2626 376 2684 bonorum:
401 2631 508 2681 vexatur
526 2630 612 2681 autem
633 2625 665 2680 ab
682 2627 807 2693 omnibus,
824 2626 933 2697 primum
954 2626 981 2679 in
998 2642 1029 2680 eo

230 2701 310 2767 ¹libro,
322 2720 396 2773 quem
409 2701 511 2771 scripsit
522 2700 554 2756 de
563 2702 617 2756 rita
627 2700 710 2768 beata,
719 2702 746 2756 in
755 2719 805 2773 quo
817 2700 897 2754 multa
907 2700 1027 2768 disputat,

237 2778 402 2849 quamobrem
422 2777 452 2841 is,
473 2776 516 2848 qui
536 2780 696 2848 torqueatur,
716 2777 765 2848 qui
785 2775 929 2838 crucietur,
939 2773 1043 2823 ‘uem

226 2872 292 2908 ,esse
305 2870 357 2911 uon
373 2852 465 2924 possit.
503 2853 540 2913 In
554 2874 587 2917 eo
600 2853 685 2913 etiam
697 2857 814 2929 putatur
826 2844 1074 2908 &semmurum
