2634 3367
344 334 390 385 1⁷6
479 332 673 382 TUSCULAN.
691 331 990 381 msruafflorsum

343 443 450 498 honesto
472 443 528 498 loco
551 447 626 497 natus
646 442 707 511 (etsi
730 442 757 496 id
775 442 875 514 quidem
898 441 962 497 nlius
986 441 1037 496 alio
1059 437 1126 495 modo

343 519 459 587 tradidit)
484 517 673 589 abundaretque
700 518 831 589 equalium
859 517 1081 581 familiaritatibus,
1103 521 1127 570 et

343 594 524 649 consuetudine
538 594 752 665 propinquorum
770 593 874 648 haberet
885 594 970 661 etiam,
982 611 1053 648 more
1066 594 1128 647 Gre-

342 670 395 737 ciae,
407 669 528 740 quosdam
544 668 715 725 adolescentes
731 688 816 725 amore
831 670 996 740 conjunctos:
1015 667 1127 724 credebat

343 763 468 800 securum
487 746 594 811 nemini;
614 746 659 800 sed
676 746 715 810 iis,
729 763 792 817 quos
809 764 842 800 ex
859 744 960 800 familiis
976 744 1128 814 locupletum

342 838 428 875 servos
446 820 580 892 delegerat,
594 821 685 891 quibus
703 838 794 875 nomen
811 820 942 875 servitutis
959 820 1016 890 ipse
1031 819 1128 874 detrax-

342 900 405 959 erat,
421 899 448 951 et
465 896 614 967 quibusdam
631 895 750 951 convenis
768 908 794 951 et
812 896 871 951 ieris
888 894 1002 951 barbaris
1021 896 1128 966 corporis

342 971 482 1026 custodiam
490 971 671 1027 committebat.
696 970 1128 1042 Itapropterinjustamdominatns

341 1047 504 1117 cupiditatem
514 1048 541 1102 in
550 1065 673 1102 carcerem
684 1047 866 1117 quodammodo
878 1048 933 1116 ipse
945 1065 973 1102 se
984 1046 1127 1101 incluserat.

341 1122 504 1188 Quinetiam,
514 1141 546 1178 ne
557 1123 655 1178 tonsori
666 1123 758 1177 collum
766 1123 943 1189 committeret,
952 1122 1060 1178 tondere
1071 1123 1128 1177 filias

340 1217 400 1254 suas
423 1199 516 1255 docuit.
553 1202 595 1254 lta
617 1198 718 1253 sordido
742 1198 902 1269 ancillarique
925 1199 1033 1253 artificio
1056 1199 1129 1270 regie

340 1275 459 1347 virgines,
472 1281 502 1330 nt
519 1274 681 1340 tonstriculae‚
694 1273 833 1329 tondebunt
849 1273 952 1328 barbam
970 1278 997 1328 et
1014 1274 1129 1345 capillum

340 1353 428 1420 patris.
458 1353 493 1407 Et
505 1351 632 1406 tamenab
644 1351 684 1406 his
697 1350 765 1421 ipsis,
779 1369 856 1421 quum
865 1354 918 1419 jam
931 1354 1018 1405 essent
1030 1351 1127 1415 adulte,

340 1427 435 1481 ferrum
446 1428 553 1481 removit
565 1427 736 1497 instituitque,
750 1430 780 1480 ut
791 1425 956 1481 candentibus
968 1426 1129 1496 juglandium

301 1510 333 1557 59
341 1504 511 1572 putaminibus
523 1503 625 1559 barbam
637 1502 686 1557 sibi
698 1506 724 1557 et
736 1502 853 1572 capillum
862 1502 1005 1557 adurerent.
1031 1503 1129 1563 Quum·

340 1596 389 1647 que
407 1579 469 1632 duas
487 1596 579 1632 uxores
599 1577 711 1643 haberet,
731 1578 930 1643 Aristomachen,
949 1578 1031 1634 civem
1051 1597 1127 1643 suam,

339 1652 460 1708 Doridem
473 1657 557 1707 autem
569 1653 730 1720 Locrensem,
743 1656 780 1709 sic
792 1658 869 1709 noctu
881 1653 967 1708 adeas
979 1655 1127 1717 ventitabat,

339 1734 369 1784 ut
381 1730 464 1784 omnia
475 1729 647 1799 specularetur
659 1734 686 1783 et
695 1734 897 1800 perscrutaretur
907 1733 973 1784 ante.
996 1730 1041 1795 nt,
1052 1749 1128 1802 quum

338 1808 433 1861 fossam
454 1805 530 1860 latam
551 1804 688 1859 cubiculum
709 1805 774 1861 lecto
795 1805 1001 1861 circumdedisset
1024 1810 1127 1878 ejusque

339 1882 413 1937 lossae
436 1881 572 1937 transitum
597 1881 726 1951 ponticulo
754 1882 837 1951 ligneo
865 1882 1047 1952 conjunxisset,
1071 1901 1127 1938 eum

338 1958 429 2027 ipsum,
454 1977 532 2028 quum
556 1957 634 2012 iorem
663 1957 772 2012 cubiculi
797 1958 928 2022 clauserat,
953 1957 1127 2029 detorquebat.

339 2033 470 2106 Idemque,
491 2053 568 2105 quum
591 2034 619 2087 in
641 2032 816 2087 communibus
840 2033 969 2104 suggestis
990 2034 1127 2089 consistere

299 2116 390 2163 60non
402 2110 512 2176 auderet,
525 2109 666 2164 concionari
678 2126 708 2163 er
721 2110 786 2162 turri
802 2108 853 2162 ulta
869 2108 973 2163 solebat.
1008 2111 1095 2181 Atque
1106 2112 1128 2163 is

339 2203 416 2255 quum
436 2185 488 2256 pila
507 2185 593 2240 ludere
610 2185 686 2239 vellet
707 2184 831 2253 (studiose
851 2184 916 2238 enim
938 2184 964 2238 id
981 2185 1128 2255 factitabat)

338 2261 499 2331 tunicamque
516 2265 629 2330 poneret,
648 2260 841 2326 adolescentulo,
859 2278 933 2331 quem
951 2260 1060 2326 amabat,
1077 2265 1129 2315 tra-

339 2334 432 2390 didisse
449 2335 559 2404 gladium
577 2336 677 2391 dicitur.
713 2337 764 2391 Hic
783 2355 861 2407 quum
879 2334 979 2405 quidam
998 2336 1128 2391 familiaris

331 2411 422 2483 jocans
440 2411 559 2464 dixisset:
583 2412 656 2465 Huic
674 2412 776 2482 widem
793 2422 855 2467 certe
872 2415 952 2465 citam
969 2421 1044 2465 taam
1062 2430 1128 2465 eom-

337 2489 424 2553 mittis,
448 2487 622 2556 arrisissetque
647 2487 800 2553 adolescens,
826 2492 962 2557 utrumque
981 2488 1062 2556 jussit
1089 2489 1129 2543 in-

337 2563 433 2617 terfici:
470 2562 584 2626 alterum,
610 2563 669 2633 quia
695 2564 760 2616 viam
790 2563 1013 2618 demonstravisset
1040 2564 1129 2618 interi-

337 2639 421 2693 mendi
437 2640 492 2706 sni;
510 2638 624 2703 alterum,
638 2639 697 2709 quis
709 2638 802 2694 dictum
820 2639 846 2693 id
860 2639 912 2693 risu
929 2638 1127 2709 approbavisset.

333 2718 423 2787 Atque
443 2734 474 2771 eo
494 2716 562 2769 lacto
582 2714 618 2768 sic
638 2713 726 2781 doluit,
744 2714 806 2769 nihil
824 2719 853 2769 ut
870 2715 958 2769 tulerit
978 2715 1082 2785 gravius
1100 2715 1129 2769 in

323 2793 385 2848 rita.
423 2796 506 2863 Quem
526 2793 596 2853 enim
614 2792 779 2850 uehementer
796 2794 903 2851 amaret,
918 2789 1053 2842 occideret.
1085 2791 1129 2843 Sic

306 2870 505 2936 distrahuntur
531 2876 563 2935 in
586 2872 739 2935 contrarias
760 2870 852 2939 putes
873 2859 1058 2929 impotentium
1077 2859 1144 2920 euqu-
