2634 3367
311 331 357 381 102
448 333 644 384 TUSCULAN.
663 332 958 385 DlSPUTATIONUM

309 462 367 501 cum
384 436 540 518 quibusdum,
554 446 628 518 quod,
642 459 720 518 quum
735 448 813 501 virtus
830 447 937 501 maxime
955 449 1098 517 expetatur,

309 527 413 593 ejusque
430 522 594 593 adipiscendas
612 541 689 578 causa
705 524 863 594 philosophia
878 522 985 594 quaesita
1000 522 1043 586 sit,
1058 522 1099 577 ille

271 606 324 653 48a
344 600 439 654 virtute
462 618 587 653 summum
611 600 705 655 bonum
728 600 861 671 separavit.
897 601 933 653 At
956 597 1052 665 laudet,
1073 600 1100 651 et

309 693 382 745 sepe,
404 676 532 732 virtutem.
567 676 602 730 Et
626 676 727 747 quidem
752 678 778 730 0.
793 674 928 739 Gracchus,
949 692 1028 744 quum
1052 673 1100 728 lsr=

308 753 417 822 gitioms
430 754 551 807 maximas
564 754 674 818 fecisset,
688 756 714 808 et
731 752 862 807 effudisset
880 751 1002 814 eranum,
1015 749 1099 805 verbis

308 832 392 882 tamen
405 826 554 883 defendebat
567 830 690 882 erarium.
727 827 797 887 Quid
810 826 885 882 verba
900 825 1007 889 audiam,
1021 844 1098 896 quum

307 902 375 957 fecta
396 904 512 959 videam?
547 905 608 959 Piso
631 904 673 959 ille
691 904 771 974 Frugi
791 920 890 972 semper
909 906 997 957 contra
1017 901 1098 972 legem

307 978 496 1036 frumentariam
512 978 618 1035 dixerat.
655 980 690 1044 Is,
703 979 759 1049 iege
774 978 833 1043 late,
847 976 985 1032 consularis
1001 976 1034 1031 ad
1045 977 1099 1032 iru-

306 1058 419 1109 mentum
436 1054 607 1125 accipiendum
624 1059 733 1109 venerat.
769 1053 954 1109 Animadvertit
968 1052 1097 1108 Gracchus

306 1130 334 1185 iu
345 1132 464 1187 concione
475 1131 593 1186 Pisonem
608 1136 725 1191 stantem.
761 1131 857 1196 Quarit
869 1130 987 1184 audiente
1003 1129 1097 1200 populo

306 1207 431 1274 Romano,
449 1209 493 1280 qui
516 1208 564 1264 sibi
587 1211 694 1276 constet,
713 1225 790 1276 quum
811 1225 841 1267 ee
863 1206 919 1276 lege
939 1206 1096 1261 frumentum

306 1288 384 1353 petat,
409 1304 484 1357 quam
508 1285 663 1340 dissuaserit.
709 1282 801 1346 Nolim,
826 1282 916 1353 iuquit,
942 1300 997 1340 mea
1022 1282 1095 1347 bona,

306 1360 426 1424 Gracchus,
439 1362 488 1416 tibi
499 1362 592 1416 viritim
608 1359 719 1415 dividere
735 1358 828 1413 libeat:
848 1358 893 1412 sed
907 1358 929 1411 si
941 1357 1026 1422 sacius,
1040 1377 1097 1429 pur.

305 1441 358 1490 tem
375 1441 468 1505 petum.
504 1438 630 1491 Parumne
646 1435 782 1491 declaravit
794 1435 833 1489 vir
843 1434 927 1505 gravis
943 1438 970 1489 ct
986 1436 1094 1504 sapiens,

305 1509 361 1581 lege
373 1510 519 1581 Sempronia
530 1513 706 1582 patrimonium
721 1512 845 1582 publicum
861 1509 993 1581 dissipari?
1024 1511 1095 1581 Lege

266 1590 430 1645 monnone
443 1591 564 1645 Gracchi:
583 1598 717 1661 patronum
731 1593 812 1647 aerarii
827 1611 882 1648 esse
894 1590 969 1648 dices.
1007 1591 1095 1662 Negat

306 1665 432 1734 Epicurus
446 1666 557 1735 jucunde
575 1668 719 1737 possevin,
735 1668 784 1722 nisi
799 1686 857 1723 cum
870 1669 964 1723 virtute
977 1668 1094 1726 vivatur:

303 1747 381 1811 negat
398 1741 473 1796 ullam
494 1741 522 1796 in
542 1743 681 1811 sapientem
700 1744 750 1797 vim
771 1762 827 1798 csse
844 1746 967 1800 fortunae:
990 1750 1093 1801 tenuem

305 1816 399 1871 victum
411 1818 520 1872 antefert
532 1819 648 1889 copioso:
667 1824 744 1890 negat
756 1819 834 1874 ullum
852 1839 907 1874 esse
919 1826 1028 1889 tempus,
1040 1841 1092 1892 qno

303 1893 402 1963 sapiens
419 1912 471 1948 non
487 1894 577 1950 beatus
595 1896 636 1950 sit.
672 1896 764 1951 Omnia
781 1896 928 1966 philosopho
946 1896 1030 1967 digua,
1048 1898 1093 1953 sed

303 1985 360 2023 cum
381 1970 510 2040 voluptate
533 1971 680 2042 pugnantia.
718 1972 811 2026 “Nou.
825 1972 898 2026 istam
922 1972 984 2026 dicit
1004 1972 1092 2043 volup

302 2047 407 2101 tatem.”
443 2047 519 2102 Dicat
538 2048 681 2118 quamlibet.
717 2048 816 2118 Nempe
836 2066 891 2102 eam
910 2048 978 2112 dicit,
997 2048 1024 2102 in
1042 2067 1093 2119 qua

302 2121 404 2176 virtutis
422 2122 491 2177 nullu
508 2141 566 2193 pars
586 2124 655 2179 insit.
692 2126 756 2193 Age,
774 2123 796 2178 si
813 2122 967 2193 voluptatem
986 2142 1038 2180 non
1055 2127 1091 2180 in·

301 2195 446 2265 telligimus,
459 2216 491 2251 ue
503 2198 612 2253 dolorem
626 2199 745 2270 quidem?
781 2199 856 2267 Nego
868 2198 947 2268 igitur
958 2203 1013 2268 ejus
1026 2218 1089 2265 esse,

301 2270 345 2338 qui
357 2270 442 2326 dolore
454 2291 580 2328 summum
596 2276 689 2330 mulum
703 2276 831 2340 metiatur,
843 2275 994 2329 mentionem
1007 2275 1090 2331 facere

300 2344 410 2399 virtutis.

262 2433 293 2478 so
335 2419 406 2473 XXI.
428 2420 463 2474 m
487 2427 628 2492 queruntur
651 2424 752 2493 quidam
776 2426 901 2496 Epicurei,
922 2425 969 2480 viri
992 2427 1089 2496 optimi,

301 2494 369 2559 (uam
385 2495 482 2549 nullum
498 2515 578 2565 genus
594 2505 633 2552 cst
645 2500 727 2555 minus
740 2501 910 2569 malitiosum)
923 2519 964 2555 me
976 2502 1089 2558 studiose

299 2568 382 2623 dicere
398 2575 486 2625 contra
498 2573 643 2641 Epicurum.
680 2576 724 2629 lta
741 2576 823 2641 credo,
837 2577 868 2631 de
885 2577 980 2631 honore
996 2582 1040 2630 aut
1057 2578 1089 2632 de

298 2643 423 2715 dignitate
434 2647 615 2703 contendimus.
645 2650 712 2704 Mihi
724 2670 848 2705 summum
861 2652 887 2705 in
899 2652 981 2706 animo
994 2652 1087 2708 bonnm

299 2720 405 2787 videtur,
424 2722 459 2777 illi
477 2727 561 2777 antem
580 2723 606 2777 in
624 2742 742 2795 corpore:
764 2728 825 2781 mihi
843 2728 869 2781 in
887 2727 988 2791 virtute,
1008 2728 1044 2782 iiii
1061 2729 1088 2782 in

284 2796 432 2881 columnis.
462 2799 499 2855 Et
510 2799 547 2855 illi
562 2805 692 2872 pugnant3
709 2803 848 2873 etquidem
861 2803 999 2857 vicinorum
1011 2804 1087 2858 iidem

272 2873 437 2940 mploranc:
465 2878 546 2937 muiti
569 2884 660 2938 autem
684 2882 757 2950 sunt,
777 2877 825 2949 uui
843 2878 934 2932 statum
952 2878 1095 2930 consuens.
