2634 3367
466 344 533 392 LlB.
547 345 590 393 IV.
608 346 681 393 CAP.
695 346 781 396 9-11.
976 348 1020 399 127

226 455 374 518 inflammat,
396 452 540 518 conturbat,
560 454 659 508 inuitat.
698 455 789 524 Itaque
809 457 836 508 et
857 454 1021 524 aegritudines

226 535 254 586 et
273 534 358 586 metus
379 533 406 583 et
428 529 530 599 reliquae
552 530 754 600 perturbationes
775 548 862 584 omues
882 530 1022 601 gignuntur

226 626 259 661 ex
272 624 310 661 ea.

263 683 298 736 X.
317 679 544 744 Quemadmodum,
558 699 636 751 quum
654 682 757 752 sangnis
774 686 909 753 corruptus
921 686 961 737 est
977 685 1062 737 tutta

227 759 323 828 pituita
334 755 461 811 redundat
477 760 522 809 ant
539 755 603 820 bilis,
618 758 643 810 in
662 775 767 828 oorpore
782 757 862 814 morbi
881 760 1022 830 egrotatio-

226 851 324 904 nesque
336 837 483 898 naseuntur,
496 833 533 887 sio
550 850 682 902 pravarum
700 834 845 903 opinionum
862 835 1022 890 conturbatio

227 916 255 965 et
266 910 379 980 ipsarum
391 909 459 962 inter
467 926 495 962 se
505 909 675 979 repugnantia
686 910 795 964 sanitate
807 911 899 981 spoliat
912 912 1023 966 animum

227 985 374 1056 morbisque
390 984 530 1056 perturbat.
565 985 607 1039 Ex
624 985 855 1056 perturbationibus
872 992 955 1043 autem
973 989 1024 1060 pri-

227 1080 299 1116 mum
309 1061 391 1116 morbi
400 1062 576 1125 conficiuntur,
586 1079 642 1131 que
651 1066 743 1117 vocant
752 1062 788 1116 illi
799 1065 927 1129 νοσήματα,
937 1083 1023 1135 eaque,

228 1155 287 1208 qua
308 1140 369 1191 sunt
390 1136 427 1191 eis
447 1136 541 1192 morbis
561 1137 695 1192 contraria.
733 1139 795 1203 Qua
815 1136 909 1193 habent
930 1140 962 1194 ad
983 1158 1023 1194 res

229 1218 314 1269 oertas
338 1212 454 1267 vitiosam
475 1213 639 1268 offensionem
661 1217 738 1284 atque
761 1211 909 1269 fastidium:
934 1215 1024 1270 deinde

228 1290 493 1360 aegrotationesque
514 1290 673 1360 appellantur
695 1307 710 1343 a
732 1288 825 1343 Stoiois'
846 1292 1022 1357 ἀρρωστήματα,

229 1366 321 1436 hisque
337 1366 399 1419 item
415 1365 538 1435 opposita
554 1368 686 1421 contraria
700 1365 858 1420 offensiones.
895 1364 953 1419 Hoo
969 1365 1024 1421 looo

229 1441 336 1495 nimium
355 1459 438 1510 opere
457 1441 616 1496 eonsumitur
633 1460 649 1495 a
667 1441 767 1507 Stoicis,
786 1441 893 1496 maxime
911 1458 927 1495 a
944 1441 1024 1515 Chry-

230 1517 312 1588 sippo,
321 1516 381 1571 dum
389 1516 483 1571 morbis
491 1535 623 1588 corporum
631 1517 940 1588 eomparaturmorborum
948 1519 1024 1576 animi

230 1593 379 1648 similitudo.
416 1593 476 1653 Qua
496 1594 610 1649 oratione
630 1593 799 1666 pretermissa
816 1594 918 1649 minime
938 1613 1023 1651 neees-

230 1668 305 1734 saria,
314 1686 351 1733 ea,
362 1686 418 1740 qna
430 1688 483 1724 rern
496 1670 634 1735 continent,
647 1674 838 1739 pertractemus.
863 1670 1024 1742 Intelligatur
1033 1679 1066 1727 24

230 1744 320 1816 igitur,
342 1743 565 1814 perturbationem,
580 1746 737 1815 jactantibus
758 1765 786 1802 se
806 1747 966 1817 opinionibus
986 1749 1024 1803 iu-

231 1824 380 1876 oonstanter
400 1824 426 1875 et
446 1821 555 1886 turbide,
577 1823 604 1877 in
627 1827 699 1878 motu
723 1841 778 1877 esse
803 1842 916 1893 semper:
946 1842 1023 1894 quum

231 1901 319 1952 autern
336 1897 378 1951 hio
395 1897 480 1952 servor
497 1899 683 1970 oonoitatioque
703 1900 781 1954 animi
800 1899 979 1954 inveteraverit
997 1903 1024 1952 et

231 1977 361 2043 tamquam
373 1973 401 2027 in
412 1974 483 2028 venis
495 1974 662 2044 medullisque
673 1974 802 2038 insederit,
815 1978 870 2029 tum
883 1974 985 2028 exsistit
998 1980 1024 2028 et

231 2049 336 2104 morbus
358 2055 385 2103 et
404 2050 536 2119 egrotatio
555 2056 581 2105 et
600 2051 750 2104 offensiones
768 2068 811 2115 ea,
831 2068 887 2121 que
907 2053 968 2103 sunt
988 2050 1024 2104 eis

232 2125 327 2180 morbis
339 2126 597 2198 aegrotationibusque
610 2127 750 2180 contrariae.

267 2201 318 2255 XI.
337 2201 410 2267 Hae,
424 2220 480 2272 qua
492 2202 556 2267 dioo,
570 2203 724 2273 cogitatione
740 2203 806 2257 inter
818 2220 845 2257 se
857 2201 984 2268 differunt,
997 2220 1024 2256 re

233 2276 335 2348 quidem
356 2277 474 2347 copulata
494 2276 562 2343 sunt,
584 2296 663 2349 eaque
682 2279 800 2333 oriuntur
820 2297 851 2334 ex
875 2277 977 2333 libidine
997 2284 1024 2334 et

233 2353 331 2408 laetitia.
360 2353 427 2408 Nam
441 2373 519 2425 quum
531 2358 571 2409 est
583 2356 718 2426 concupita
730 2356 842 2426 pecunia,
854 2374 901 2411 neo
913 2355 1025 2410 adhibita

233 2429 355 2484 continuo
372 2430 446 2496 ratio,
458 2430 531 2501 quasi
548 2430 662 2501 quadarn
681 2432 809 2488 Socratica
825 2431 955 2498 medicina,
969 2451 1024 2503 quae

233 2508 307 2560 sanet
323 2522 378 2559 eam
396 2506 576 2576 eupiditatem:
595 2511 725 2577 permanat
741 2508 903 2574 invenisset
919 2509 1025 2563 inheret

232 2582 261 2635 in
272 2581 411 2635 visceribus
427 2582 489 2637 illud
506 2581 607 2647 malum,
620 2582 771 2655 exsistitque
787 2585 889 2639 morbus
904 2588 930 2639 et
945 2602 1025 2654 agro·

232 2657 307 2722 tatio,
324 2675 381 2727 qua
396 2658 469 2712 evelli
485 2658 626 2713 inveterata
640 2677 692 2714 non
708 2664 829 2729 possunt:
849 2660 922 2729 eique
937 2658 1024 2713 morbo

233 2749 327 2787 nomen
350 2736 390 2787 est
416 2736 538 2788 amrium.
587 2734 757 2807 Similiterque
780 2735 859 2790 ueteri
881 2732 970 2796 morbi,
994 2736 1024 2787 ut
1033 2742 1064 2787 tt

231 2808 326 2880 plum
339 2808 474 2877 cupiditas
487 2813 518 2864 nt
533 2811 718 2879 mulierositas,
728 2815 763 2867 nt
774 2811 819 2867 ita
831 2806 962 2880 appetem
974 2822 1060 2882 earu,-

227 2898 285 2947 qnae
297 2881 385 2936 ⁶120&
396 2887 544 2949 φ’λθγῦνεια
555 2886 666 2959 dieitur,
680 2889 822 2963 aeteriuue
837 2881 964 2942 sammua
977 2873 1076 2928 murex
