2634 3367
488 333 556 381 ura.
576 332 620 381 1v.
638 334 713 382 cnr.
727 336 747 391 1,
761 336 782 381 a.
927 386 935 397 ,
981 339 1029 385 mc

234 444 334 508 flueret,
354 442 539 513 permanavisse
557 442 619 497 mihi
637 442 739 497 videtur
755 443 783 497 in
801 442 865 497 hauc
884 442 1028 499 civitatem:

234 521 312 590 idque
331 538 408 589 quum
426 516 574 589 conjectura
591 519 720 588 probabile
738 524 785 584 est,
805 525 860 572 tum
879 518 1029 590 quibusdam

233 598 311 651 etiam
332 595 447 665 vestigiis
468 595 603 651 indicatur.
639 595 706 654 Quia
727 595 793 649 enim
814 599 862 663 est,
883 595 927 666 qui
947 601 1028 666 putet,

234 692 313 744 quum
326 672 428 726 floreret
444 671 471 725 in
482 670 559 725 Italia
571 671 669 726 Gracia
680 671 863 741 potentissimis
876 680 902 726 et
914 673 1028 727 maximia

233 748 349 813 urbibus,
367 765 404 812 ea,
424 766 480 818 qum
498 766 590 818 magna
610 747 679 803 dicta
697 753 744 812 eat,
764 748 790 802 ln
811 748 900 818 hisque
920 749 1029 819 primum

233 824 316 893 ipsius
329 824 487 894 Pythagora,
498 823 589 878 deinde
601 829 690 895 postea
699 824 916 895 Pythagoreorum
929 829 1027 881 tantum

234 918 328 954 nomen
339 905 415 966 esset,
427 905 570 954 nostrorum
585 900 715 954 hominum
728 900 760 954 ad
772 918 858 955 eorum
871 900 1029 958 doctissimas

234 993 311 1029 voces
323 973 504 1032 auresclausas
516 974 614 1030 fusse?
640 976 793 1041 Quinetiam
805 976 915 1031 arbitror
927 989 1052 1047 proptera

234 1051 454 1123 Pythagoreorum
476 1050 667 1106 admirationem
688 1052 799 1105 Numam
825 1070 924 1122 quoque
945 1070 1027 1124 regem

235 1130 426 1200 Pythagoreum
438 1147 454 1183 a
465 1130 646 1200 posterioribus
658 1124 840 1185 eaistimatum.
871 1129 938 1184 Nam
952 1149 1029 1201 quum

235 1205 390 1277 Pythagorae
408 1205 565 1277 disciplinam
586 1209 613 1261 et
637 1206 758 1260 instituta
780 1211 971 1275 cognoscerent,
991 1225 1030 1261 ra-

235 1283 328 1353 gisque
345 1285 402 1351 ejus
419 1282 564 1352 aequitatem
582 1286 609 1337 et
627 1281 776 1351 sapientiam
794 1298 810 1334 a
824 1280 961 1351 majoribus
979 1284 1030 1336 suis

235 1358 402 1429 accepissent,
412 1362 501 1413 aetates
513 1361 599 1413 autem
610 1362 637 1413 et
646 1362 761 1428 tempora
770 1357 915 1428 ignorarent
927 1362 1031 1428 propter

236 1438 400 1499 vetustatem,
421 1451 486 1499 eum,
508 1434 552 1504 qui
572 1433 697 1504 sapientia
716 1433 858 1501 excelleret,
879 1432 1030 1505 Pythagora

237 1509 381 1565 auditorem
393 1509 472 1564 luisse
483 1509 652 1566 crediderunt.

274 1585 312 1639 IL
329 1586 366 1640 Et
377 1585 409 1640 de
421 1586 567 1657 conjectura
578 1586 679 1657 quidem
696 1586 825 1641 hactenus.
860 1586 977 1658 Vestigia
988 1605 1032 1641 au·

236 1665 291 1717 tem
308 1662 535 1733 Pythagoreorum,
549 1680 700 1734 quamquam
717 1663 797 1717 multa
813 1663 897 1733 colligi
915 1668 1030 1734 possunt,

237 1738 326 1809 paucis
343 1742 429 1793 tamen
444 1742 554 1803 utemur,
567 1740 687 1808 quoniam
702 1756 753 1793 non
768 1738 794 1794 id
807 1740 893 1809 agitur
904 1739 952 1795 hoc
968 1744 1032 1795 tem·

237 1831 308 1884 pore.
345 1813 412 1868 Nam
424 1832 503 1885 quum
514 1815 667 1870 carminibus
680 1814 747 1870 soliti
760 1814 796 1869 illi
808 1833 864 1869 esse
877 1814 994 1869 dicantur
1005 1819 1032 1870 et

238 1895 366 1960 praecepta
380 1889 495 1960 quadam
516 1890 640 1946 occultius
658 1890 766 1956 tradere,
778 1895 805 1944 at
823 1895 922 1945 mentes
940 1910 999 1946 suas
1017 1910 1033 1946 a

238 1965 421 2036 cogitationum
440 1967 581 2023 intentione
598 1971 675 2022 cantu
691 1965 832 2037 fidibusque
849 1966 881 2020 ad
892 1967 1033 2037 tranquilli·

238 2046 320 2097 tatem
336 2041 476 2108 traducere,
489 2044 653 2114 gravissimus
669 2046 758 2096 auctor
769 2042 797 2096 in
808 2042 956 2111 Originibus
968 2042 1033 2099 dixit

240 2117 315 2182 Cato,
333 2136 428 2173 moram
447 2120 515 2189 apnd
535 2122 644 2189 majores
663 2118 731 2173 hunc
749 2118 880 2187 epularum
897 2118 983 2185 luisse,
1002 2124 1033 2175 ut

240 2192 367 2264 deinceps,
379 2195 423 2265 qui
440 2196 601 2262 accubarent,
615 2198 738 2250 canerent.
753 2194 785 2249 ad
802 2194 890 2249 tibiam
909 2195 1033 2251 clarorum

239 2270 351 2324 virorum
362 2270 450 2326 laudes
462 2276 538 2343 atque
551 2272 668 2326 virtutes.
695 2270 737 2325 Ex
749 2289 799 2342 quo
811 2272 971 2343 perspicuum
983 2278 1031 2340 cat,

239 2350 267 2399 et
278 2352 369 2401 cantus
381 2351 437 2402 tum
450 2348 529 2404 fuisse
541 2348 677 2418 rescriptos
686 2365 777 2403 vocum
789 2348 865 2415 sonu,
875 2353 902 2405 et
914 2350 1032 2405 carmina.

240 2422 402 2493 Quamquam
415 2422 441 2477 id
450 2424 551 2495 quidem
563 2425 640 2480 etiam
652 2440 695 2479 111
707 2424 801 2480 tabula
812 2424 948 2491 declarant,
959 2427 1057 2483 condit

234 2499 359 2567 jamtum
375 2498 478 2554 solitum
490 2518 546 2555 esse
562 2518 679 2556 emman:
699 2501 766 2572 qnod
784 2520 816 2556 ne
832 2502 919 2558 liceret
931 2503 985 2557 fleri
1001 2502 1034 2557 ad

239 2574 344 2629 alterius
363 2574 488 2644 injuriam,
501 2576 557 2646 lage
576 2581 724 2631 sanxerunt.
759 2578 815 2633 Nec
827 2596 887 2633 vero
905 2578 967 2633 illud
983 2596 1034 2634 non

239 2649 397 2705 eruditorum
409 2654 552 2721 temporum
565 2656 741 2723 argumentum
755 2654 879 2722 estquod
892 2657 919 2708 ct
929 2652 1034 2708 deorum

239 2724 413 2796 pulvinaribus
434 2731 461 2781 et
478 2726 560 2797 epulis
581 2727 777 2798 magistratuum
796 2728 858 2783 fides
877 2728 1032 2796 precinunt:

239 2801 308 2871 quod
332 2801 460 2871 proprium
484 2802 540 2873 ejus
563 2802 622 2869 luit,
643 2803 677 2859 da
697 2822 751 2875 uua
769 2803 877 2872 louuur,
892 2802 1050 2864 &sexuum

233 2876 306 2930 Mr'lu'
323 2876 427 2947 quidem
450 2878 531 2939 etiam
556 2882 642 2956 Appii
661 2880 736 2939 (tuadi
756 2894 880 2939 mamea,
896 2869 977 2941 apuu
992 2864 1078 2914 abac
