2634 3367
462 345 530 395 LIB.
543 345 588 393 lv,
604 343 679 393 CAP.
693 346 795 393 29-31.
987 349 1031 396 145

240 458 290 513 nst
302 460 388 513 autem
404 457 475 513 utilis
491 458 524 511 ad
538 456 748 528 persuadendum,
761 474 798 525 ea,
811 476 868 528 quas
888 457 1032 525 acciderint,

240 536 303 589 ferri
320 538 347 589 et
364 552 439 605 posse
456 538 483 588 et
501 541 625 604 oportere,
643 536 799 590 enumeratio
817 552 911 603 eorum,
931 535 974 605 qui
991 541 1033 589 tu·

241 609 334 665 lemmt.
372 610 431 666 Etsi
455 610 612 680 egritudinis
635 610 732 665 sedatio
756 616 782 665 et
805 612 925 666 hesterna
948 611 1033 681 dispu-

241 690 339 743 tatione
350 686 476 757 explicata
491 690 538 752 est,
551 690 578 741 et
592 687 619 741 in
633 688 821 742 Oonsobztioais
832 688 901 753 libro,
916 706 989 759 quem
1006 688 1033 742 in

241 761 325 819 medio
343 762 489 833 (nonenim
507 762 634 833 sapientes
652 764 763 833 cramus)
780 782 885 819 merore
903 770 929 819 et
948 764 1033 819 dolore

242 839 453 910 conscripsimus:
472 837 589 909 quodque
604 843 676 894 vetat
692 840 857 911 Chrysippus,
870 839 903 894 ad
919 846 1033 895 recentes

242 916 315 988 quasi
326 919 440 970 tumores
453 914 531 969 animi
542 915 680 969 remedium
689 915 814 983 adhibere,
823 917 849 971 id
860 935 906 971 nos
919 916 1032 981 fecimus,

242 998 391 1062 naturaeque
414 990 465 1045 vim
492 990 632 1058 attulimus,
657 997 687 1046 ut
710 992 879 1063 magnitudini
904 993 1034 1048 medicinae

243 1068 337 1124 doloris
349 1066 497 1137 magnitudo
510 1067 667 1122 concederet.

277 1143 362 1199 XXX·
381 1142 432 1198 Sed
450 1143 601 1213 egritudini,
619 1144 651 1199 de
670 1162 720 1214 qua
732 1144 793 1199 satis
812 1147 852 1199 est
869 1143 1034 1215 disputatum,
1044 1158 1075 1205 64

242 1221 357 1276 tiuitmus
371 1223 411 1274 est
424 1224 517 1274 metus.
556 1220 597 1274 De
610 1238 660 1291 quc
672 1238 753 1291 pauca
765 1219 871 1276 dicenda
881 1224 949 1275 suut.
986 1221 1035 1276 Ilm

243 1298 310 1352 enim
322 1299 415 1363 metus,
426 1299 457 1350 nt
469 1296 596 1366 aengtudo
613 1296 753 1366 prasentia,
766 1296 802 1351 sic
817 1296 859 1351 ille
871 1296 953 1351 futuri
967 1297 1034 1351 mali.

244 1374 336 1443 Itaque
356 1372 471 1427 nonnulli
489 1371 647 1442 aegritudinis
666 1376 764 1443 partem
786 1373 917 1444 quamdam
939 1378 1036 1429 metum

244 1468 300 1505 esse
324 1447 456 1503 dicebant:
481 1448 524 1503 alii
547 1452 632 1504 autem
656 1452 753 1503 metum
776 1449 969 1521 praemolestiam
993 1468 1036 1520 ap

243 1525 380 1596 pellabant,
392 1523 460 1595 quod
476 1528 544 1579 esset
560 1525 632 1595 quasi
643 1524 696 1580 dux
712 1530 888 1598 consequentis
905 1526 1035 1582 molestia.

244 1600 347 1660 Quibus
359 1600 439 1671 igitur
450 1600 590 1656 rationibus
602 1601 724 1656 instantia
736 1603 859 1668 teruntur,
872 1603 967 1658 eisdem
979 1621 1036 1658 con·

244 1680 395 1732 temnuntur
406 1676 546 1747 sequentia.
583 1677 651 1732 Nam
663 1678 798 1734 videndum
814 1683 854 1734 est
870 1680 897 1734 in
913 1680 1035 1749 utrisque,

243 1772 277 1808 ne
294 1752 356 1824 qnid
373 1753 476 1818 humile,
494 1753 662 1821 summissum,
680 1755 762 1820 molle,
781 1756 959 1823 effeminatum,
973 1756 1037 1811 irac-

244 1834 302 1884 tum
317 1828 495 1899 abjectumque
512 1829 640 1884 faciamus.
679 1830 728 1885 Sed
743 1849 894 1901 quamquam
909 1831 941 1885 de
957 1833 1037 1901 ipsius

244 1910 330 1963 metus
346 1906 522 1973 inconstantia,
534 1905 714 1971 imbecillitate,
727 1905 830 1961 levitate
843 1906 976 1962 dicendum
988 1912 1036 1973 cst,

244 1986 333 2038 tumen
348 1982 456 2037 multum
473 1982 585 2053 pmdest,
603 1999 640 2046 ea,
658 2000 714 2052 que
731 1985 888 2046 metuuntur,
907 1982 963 2052 ipsa
980 2000 1038 2036 con·

245 2062 368 2114 temnere.
405 2060 504 2129 Itaque,
522 2058 575 2113 sive
593 2076 654 2112 casu
672 2057 763 2113 accidit
781 2057 834 2111 sive
852 2058 964 2121 consilio,
983 2077 1037 2128 per-

245 2134 378 2191 commode
395 2134 492 2190 fectum
509 2139 556 2200 est,
574 2134 642 2206 quod
657 2135 694 2189 eis
712 2133 743 2189 de
759 2133 843 2199 rebus,
856 2152 911 2205 quae
929 2136 1037 2189 maxime

245 2214 404 2276 metuuntur,
423 2210 455 2265 de
472 2216 554 2267 morte
571 2214 598 2266 et
616 2210 647 2265 de
666 2210 758 2276 dolore,
776 2210 858 2281 primo
878 2213 905 2265 et
922 2212 1037 2282 proximo

246 2288 289 2342 die
301 2286 458 2358 disputatum
470 2289 517 2343 est.
554 2289 616 2353 Qua
628 2288 650 2343 si
666 2287 772 2359 probata
783 2292 851 2354 sunt,
864 2292 936 2346 metu
947 2308 1039 2362 magna

247 2382 281 2420 ex
292 2368 365 2434 parte
376 2364 475 2419 liberati
488 2383 583 2420 snmus.

282 2442 385 2497 XXXI.
397 2444 436 2497 hc
447 2442 479 2497 de
487 2442 608 2497 malornm
618 2442 735 2513 opinione
743 2443 874 2500 hactenus.
899 2445 1037 2501 Videamus
1046 2458 1077 2505 65

246 2517 357 2575 nnncde
366 2518 496 2585 bonorum,
506 2519 533 2573 id
542 2522 581 2574 est
591 2518 719 2575 deletitia
728 2524 754 2576 ct
763 2520 794 2575 de
804 2522 950 2592 cupiditate.
971 2523 1039 2577 Mihi

247 2595 351 2666 quidem
368 2595 396 2651 iu
413 2600 468 2649 tota
485 2596 583 2650 ratione
595 2614 631 2663 ea
644 2614 701 2666 quae
716 2597 827 2667 pertinet
844 2598 876 2651 ad
888 2598 965 2652 animi
983 2616 1038 2667 per·

246 2671 416 2740 turbationes,
432 2689 484 2726 una
501 2690 541 2727 res
559 2672 660 2727 videtur
677 2691 778 2728 causam
796 2674 933 2736 cont-inere,
951 2691 1038 2727 omnes

246 2766 292 2803 eas
310 2765 366 2802 esse
383 2747 410 2802 iu
427 2751 515 2802 nostra
530 2752 666 2819 potestate,
683 2767 772 2805 omnes
787 2749 887 2822 iudicio
902 2753 1057 2811 susceptas,

247 2842 336 2878 omnes
357 2822 520 2883 voluntarias.
557 2826 614 2885 Hic
636 2827 721 2903 igitur
747 2845 824 2884 error
844 2829 890 2880 est
913 2816 1086 2886 smpsimus

235 2899 294 2953 bare
313 2898 475 2962 detrahenda
495 2908 609 2982 opinio:
638 2914 735 2985 atque,
755 2910 793 2963 ut
813 2905 853 2961 'un
871 2895 958 2955 nsah'u
982 2882 1111 2949 sutum
