2634 3367
268 339 314 385 134
406 334 601 384 TUSCULAN.
620 332 922 381 DISPUTATIONUM

267 448 367 503 modum
390 446 556 517 agritudinis,
575 446 602 500 in
621 464 672 515 quo
691 463 773 515 opera
792 443 930 515 plurimum
952 442 1061 513 ponitur.

267 525 347 593 AEgrc
364 523 454 577 tulisse
471 523 501 576 P.
510 522 636 576 Rutilium
658 522 744 575 [ratris
761 520 889 590 repulsam
906 519 1061 583 consulatus,

268 601 389 667 scriptum
409 598 476 667 apud
494 598 618 651 Fannium
637 601 684 651 est.
722 595 772 651 Sed
785 603 871 651 tamm
888 596 1014 650 transisse
1028 595 1063 649 vi-

269 674 344 727 detur
363 674 472 738 modum,
493 674 585 744 quippe
604 674 646 743 qui
667 673 699 728 ob
720 691 775 727 eam
796 690 898 726 causam
919 671 1009 726 avita
1024 689 1062 725 re-

269 750 388 804 cesserit:
414 749 567 804 moderatius
591 751 671 819 igitur
694 750 760 803 terre
783 747 880 802 debuit.
916 748 1007 812 Quidt
1030 747 1059 811 si,

269 843 346 894 (quum
371 824 396 878 id
417 825 497 879 terret
520 826 625 890 modice,
648 843 715 878 mors
739 824 876 878 liberorum
895 824 1063 893 acmssissotl

269 901 340 956 Nata
353 905 421 955 esset
433 901 557 970 agritudo
569 919 641 964 nova,
652 900 697 953 sed
707 919 736 953 ea
746 899 858 953 modica:
877 917 970 969 magna
979 903 1064 953 tamen

269 976 338 1031 facta
355 982 423 1031 esset
441 978 558 1031 accessio.
594 976 684 1034 Qirid?
706 976 727 1029 sl
745 974 836 1029 deinde
854 974 954 1029 dolores
973 994 1064 1041 graves

269 1054 390 1123 corporis,
403 1054 425 1106 si
440 1053 563 1107 bonorum
581 1052 690 1116 amissio,
706 1052 728 1105 si
744 1051 888 1115 cacitas,si
904 1050 1031 1115 exsilium,
1043 1051 1065 1104 si

271 1147 317 1198 pro
338 1129 444 1199 singulis
465 1129 536 1183 malis
558 1127 721 1198 {egritudines
742 1126 898 1193 accederent,
917 1144 1019 1181 summa
1036 1144 1065 1181 ea

270 1206 362 1260 fieret?
397 1208 463 1264 Quae
475 1224 525 1259 non
538 1205 714 1258 sustineretur.

230 1290 259 1335 41
307 1282 412 1336 XVlll.
438 1282 490 1339 Qui
514 1280 617 1335 modum
641 1281 721 1350 igit-ur
740 1277 803 1331 vitio
824 1277 923 1348 quaerit,
948 1277 1065 1333 similiter

270 1358 339 1422 iacit,
359 1364 389 1411 ut
409 1358 430 1411 si
452 1375 525 1427 posse
547 1361 621 1426 putet
641 1374 708 1419 aum,
727 1353 770 1424 qui
790 1371 818 1407 se
837 1371 851 1406 e
869 1353 986 1407 Leucata
1003 1373 1064 1423 pra·

270 1434 420 1503 cipitavcrit,
437 1433 562 1486 sustinere
579 1450 615 1496 se,
631 1450 710 1502 quum
725 1429 793 1484 velit.
830 1429 869 1483 Ut
885 1428 953 1482 enirn
969 1429 997 1483 id
1015 1448 1064 1483 non

271 1515 370 1578 potest:
390 1509 426 1562 sic
438 1508 537 1561 animus
550 1507 712 1576 perturbatus
722 1511 748 1560 et
758 1504 878 1559 incitatus
889 1522 938 1558 nec
947 1505 1064 1560 cohibere

271 1601 299 1637 se
311 1588 402 1651 potest,
416 1600 470 1646 nec,
481 1600 531 1652 quo
543 1582 598 1636 loco
610 1585 673 1646 vult,
684 1583 814 1636 insistere:
834 1580 995 1649 omninoque,
1010 1599 1064 1651 qua

271 1659 410 1713 crescentia
422 1658 561 1727 perniciosa
572 1663 640 1724 sunt,
653 1658 739 1712 eadem
752 1660 812 1710 sunt
822 1655 913 1709 vitiosa
925 1658 1063 1710 nascentia

232 1733 408 1803 ttAEgritudo
425 1739 509 1786 autem
527 1738 668 1804 ceteraeque
686 1732 888 1804 perturbat-iones
906 1732 1065 1801 amplificata

272 1816 341 1864 certe
358 1810 485 1878 pestilera
503 1815 572 1864 sunt.
609 1811 693 1880 Igitur
709 1810 783 1864 etiam
802 1812 927 1876 suscepta
943 1808 1064 1861 continuo

271 1887 298 1941 iu
311 1904 401 1957 magua
420 1886 498 1955 pestis
516 1893 588 1956 parte
600 1890 742 1941 versantur.
779 1884 880 1939 Etenim
898 1884 961 1951 ipsa
973 1902 1001 1937 se
1020 1884 1064 1937 im-

271 1963 376 2033 pellunt,
389 1962 432 2017 ubi
445 1964 522 2017 semol
537 1963 660 2017 aratione
674 1962 810 2016 discessum
824 1965 878 2013 est:
898 1960 1004 2030 ipsaque
1017 1960 1064 2013 sibi

272 2040 429 2095 imbecillitas
441 2040 563 2110 indulget,
573 2040 598 2093 in
611 2039 740 2109 altumque
753 2037 900 2106 provehitur
908 2036 1065 2105 imprudens,

271 2134 318 2170 nec
337 2117 431 2185 reperit
450 2116 532 2170 locum
552 2115 715 2170 consistendi.
752 2111 922 2171 Quamobrem
943 2112 1007 2165 niliil
1028 2113 1065 2166 in·

272 2197 359 2256 torcat,
378 2197 463 2245 utrum
483 2192 624 2246 moderatas
643 2190 844 2260 perturbationes
863 2188 1013 2257 approbent,
1031 2206 1066 2242 an

272 2266 425 2319 moderatam
435 2267 592 2335 injustitiam,
601 2267 755 2321 moderatum
764 2264 897 2335 ignaviam,
909 2262 1065 2317 moderatam

271 2341 498 2409 intemperantiam.
536 2343 589 2401 Qui
609 2344 675 2396 enim
698 2342 767 2395 vitiis
788 2339 887 2394 modum
908 2340 1024 2407 apponit,
1042 2340 1065 2394 is

272 2420 370 2484 partem
389 2417 495 2485 suscipit
514 2418 639 2472 vitiorum.
678 2419 752 2482 Quod
770 2436 846 2487 quum
867 2415 951 2483 ipsum
973 2434 1020 2483 per
1038 2435 1065 2470 se

272 2490 386 2545 odiosum
405 2496 452 2555 est,
473 2502 525 2545 tum
547 2510 577 2546 eo
598 2493 737 2558 molestius,
756 2494 814 2562 quin
836 2495 895 2544 sunt
914 2491 1066 2556 inlubrico,

271 2567 426 2637 incitataque
443 2568 520 2621 semel
538 2567 648 2636 proclivo
667 2569 788 2622 labuntur
806 2567 977 2635 sustinerique
995 2568 1065 2622 nullo

273 2643 347 2698 modo
359 2648 476 2713 possunt.

232 2731 263 2775 tt
306 2721 380 2775 XIX.
401 2719 486 2785 Quid?
509 2717 576 2789 quod
591 2718 666 2772 iidem
680 2718 842 2786 Peripatetici
857 2716 1064 2786 perturbationes

264 2796 338 2863 istas,
353 2814 417 2869 quas
429 2813 476 2852 nos
493 2793 669 2865 exstirpandas
687 2803 816 2863 putamus,
829 2811 879 2846 non
897 2792 974 2847 modo
990 2797 1065 2848 natu·

250 2873 324 2932 ales
343 2894 405 2933 esse
425 2875 526 2947 dicunt,
547 2872 596 2932 scd
617 2871 699 2930 etiam
719 2868 819 2923 utiliter
839 2883 858 2918 a
873 2870 969 2917 natura
982 2868 1072 2919 natust
