2634 3367
274 338 321 384 114
413 334 607 382 TUSCULAN.
626 334 924 384 DISPUTATIONUM

274 442 469 498 consolationem
484 460 560 496 unam
575 442 746 512 conjecimus:
764 447 819 498 erat
836 443 903 498 enim
922 443 950 498 in
967 449 1068 499 tumore

275 521 381 583 aruimus,
394 523 421 573 et
432 519 514 573 omnis
525 519 553 572 in
564 537 595 573 eo
607 519 754 574 tentabatur
766 520 871 574 curatio.
904 520 955 574 Sed
968 539 1069 575 sumen·

276 597 338 649 dum
350 600 451 664 tempus
463 598 566 648 estnon
581 594 665 648 minus
681 596 709 649 in
725 596 863 649 animorum
877 596 981 661 morbis,
994 615 1068 666 quam

276 672 302 725 in
320 687 468 740 corpomm:
490 673 521 724 ut
538 670 707 725 Prometheus
724 670 766 726 ille
778 671 907 742 AEschyli:
930 672 972 727 cui
991 690 1069 743 quum

276 747 374 801 dictum
387 749 463 812 esset,

340 846 424 911 Atqui,
438 848 590 906 Promethea,
604 857 627 897 te
638 847 685 897 h6c
696 856 775 895 tenere
786 846 904 905 existimo,

340 920 431 967 mederi
442 934 510 982 posse
521 920 635 968 rationem
646 918 792 973 iracundim

278 1011 414 1084 respondet
424 1032 431 1067 z

343 1114 369 1161 Si
381 1113 487 1176 quidem,
500 1114 542 1176 qui
552 1110 720 1175 tempestivam
732 1111 876 1159 medicinam
887 1110 1026 1169 admovens,

342 1200 390 1233 non
401 1185 431 1233 td
441 1200 585 1246 gravescens
596 1182 685 1231 vulnus
696 1182 773 1230 illidat
783 1197 877 1230 manus.

240 1280 271 1333 77
314 1274 426 1335 XXXII.
451 1281 509 1336 Erit
529 1280 609 1351 igitur
631 1280 659 1335 in
682 1278 896 1340 consolationibus
915 1278 999 1348 prima
1018 1296 1072 1334 me-

279 1356 494 1423 dicina-dooere
511 1361 557 1411 aut
573 1356 672 1411 nullum
688 1356 779 1411 malum
797 1374 860 1419 esse,
874 1360 918 1409 aut
934 1354 1072 1410 admodum

279 1449 399 1501 parvum:
424 1432 574 1496 altera-et
594 1431 627 1486 de
648 1433 775 1487 communi
796 1431 940 1486 conditione
957 1431 1026 1496 vitae,
1044 1437 1071 1486 et

279 1507 387 1577 proprie,
400 1508 422 1561 si
434 1506 494 1578 qnid
507 1507 541 1561 sit
553 1506 584 1561 de
596 1508 684 1578 ipsius,
696 1508 739 1578 qui
751 1512 860 1577 maereat,
872 1506 1070 1577 disputandum:

279 1584 522 1647 tertia-summam
539 1601 595 1637 esse
607 1583 742 1638 stultitiam
755 1584 850 1639 frustm
861 1583 949 1638 confici
958 1601 1071 1651 maerore,

280 1676 358 1729 quum
378 1658 514 1727 intelligas,
531 1658 594 1713 nihil
614 1677 689 1728 posse
709 1660 803 1729 profici.
845 1660 910 1713 Nam
932 1658 1071 1714 Cleanthes

280 1732 380 1804 quidem
405 1734 544 1803 sapientem
568 1735 728 1789 consolatur:
759 1735 802 1806 qui
825 1733 995 1789 consolatione
1019 1753 1072 1790 non

280 1814 347 1879 eget.
383 1809 456 1864 Nihil
473 1810 540 1864 enim
558 1829 613 1866 esse
631 1811 732 1876 malum,
751 1812 819 1881 quod
837 1816 912 1881 turpe
929 1812 1035 1876 nonsit,
1049 1812 1072 1866 si

280 1884 378 1957 lugenti
396 1888 565 1957 persuaseris3
584 1906 636 1942 non
651 1892 682 1942 tu
700 1887 736 1941 illi
752 1887 856 1953 luctum,
872 1887 917 1941 sed
934 1886 1072 1942 stultitiam

281 1960 434 2018 detraxeris:
454 1964 563 2018 alienum
575 1968 659 2019 autem
675 1967 776 2034 tempus
788 1962 901 2018 docendi.
937 1962 973 2017 Et
985 1967 1073 2018 tamen

280 2056 333 2092 non
353 2040 415 2094 satis
436 2040 497 2094 milri
516 2039 617 2094 videtur
633 2039 727 2094 vidisse
746 2040 794 2093 hoc
815 2039 957 2104 Cleanthes,
976 2041 1073 2111 suscipi

282 2114 414 2185 aliquando
424 2116 598 2186 aegritudinem
611 2133 686 2186 posse
697 2133 729 2169 er
741 2133 771 2169 eo
783 2116 846 2185 ipso,
856 2114 924 2183 quod
935 2132 991 2169 esse
1004 2135 1073 2171 sum·

281 2208 350 2244 mum
368 2191 462 2246 malum
480 2191 614 2246 Cleanthes
635 2192 689 2261 ipse
707 2192 825 2246 fateatur.
862 2191 931 2252 Quid
950 2193 1016 2247 enim
1035 2192 1073 2247 di·

281 2284 376 2329 camus,
394 2285 472 2336 quum
491 2267 607 2320 Socrates
622 2266 747 2321 Alcibiadi
765 2268 938 2338 persuasisset,
955 2272 986 2322 ut
1004 2287 1073 2323 acce·

281 2341 379 2411 pimus,
394 2358 452 2394 eum
475 2340 538 2395 nihil
561 2340 669 2395 hominis
693 2362 756 2407 essa,
778 2344 980 2415 necquidquam
1005 2345 1074 2399 inter

282 2414 444 2479 Alcibiadem,
466 2434 564 2470 summo
585 2415 640 2470 loco
662 2422 804 2483 natum,·et
826 2421 937 2489 quemvis
959 2419 1073 2490 bajulum

281 2493 419 2556 interesse;
438 2509 514 2561 quum
532 2509 560 2546 se
576 2492 719 2547 Alcibiades
736 2495 874 2559 afflictaret,
890 2495 1073 2566 lacrimansque

281 2570 380 2623 Socrati
399 2566 506 2636 supplex
527 2571 602 2635 esset,
621 2573 651 2621 nt
674 2568 723 2623 sibi
744 2571 866 2625 virtutem
884 2571 996 2626 traderet
1018 2579 1073 2627 tur-

281 2642 472 2714 pitudinemque
481 2642 616 2713 depelleret
624 2665 631 2708 ;
648 2644 709 2713 quid
718 2644 837 2711 dicemus,
845 2646 987 2702 Cleanthe?
1002 2667 1071 2713 num,

281 2720 309 2776 iu
329 2718 373 2773 illa
392 2736 427 2783 re,
446 2736 502 2790 quoe
520 2719 670 2789 egritudine
691 2720 844 2776 Alcibiadem
864 2722 995 2789 afficiebat,
1013 2724 1073 2778 mali

230 2794 339 2850 78nrin'l
352 2794 459 2852 fuisse?
495 2795 582 2863 Quid?
612 2795 657 2851 illa
673 2796 786 2869 Lyconis
807 2797 889 2866 qualia
909 2800 989 2854 sunt?
1020 2800 1071 2870 qui,

251 2869 447 2939 mantuam
473 2880 633 2948 extenuans,
651 2874 741 2949 partis
758 2874 796 2929 ait
812 2889 871 2927 eam
885 2872 963 2925 rebus
978 2876 1064 2925 mssa·

182 3051 206 3097 k
