2634 3367
270 355 318 403 lae
407 354 923 407 Tusceniumsruraulouu’u

269 464 372 535 optimis
392 464 497 531 artibus,
514 464 587 535 isque
606 464 689 519 animo
707 482 843 535 parumper
863 467 891 520 et
908 465 1016 536 cogitati

269 542 388 613 tingatur.
410 542 524 596 Primum
536 542 638 613 ingenio
647 542 742 597 eximio
754 542 788 597 sit
800 560 905 598 neeesse
916 549 975 609 est;
987 547 1016 597 ta

269 618 337 673 enim
351 617 479 673 mentibus
494 618 576 673 virtus
592 636 644 673 non
658 618 732 674 facile
750 620 904 673 comitatur:
926 619 1016 675 deinde

270 693 470 764 investigandam
486 695 619 749 veritatem
638 693 724 749 studio
741 694 856 748 incitato.
892 694 936 749 Ex
953 712 1005 765 quo

271 769 331 839 plex
342 769 384 825 ills
395 770 472 825 animi
483 770 552 825 letus
563 771 688 825 exsistet:
705 788 773 826 uuus
784 770 812 825 in
823 770 969 841 cognitione
981 788 1016 825 rei

271 845 369 915 positus
381 849 408 901 et
420 846 447 900 in
462 846 631 916 explicatione
647 850 760 901 meurs:
780 846 845 901 alter
855 846 883 900 in
896 845 1016 917 descripti

271 921 817 1069 &demutabilitate
831 924 1016 1069 ,tilde

272 1072 300 1127 in
308 1090 358 1143 quo
369 1073 437 1128 inest
448 1074 530 1128 omnis
541 1079 596 1128 tum
609 1073 738 1128 subtilitas
748 1072 894 1138 meeum
904 1076 962 1127 tum
972 1091 1016 1129 ser

233 1154 264 1200 69
270 1148 406 1220 judicandi
442 1150 499 1216 Quo
515 1149 616 1204 tandem
632 1149 713 1219 igitur
725 1148 819 1219 gaudio
831 1148 895 1203 silici
910 1165 1015 1204 necesse

272 1225 393 1295 sapientis
405 1225 515 1280 animm
527 1243 585 1280 cum
596 1224 636 1279 his
652 1224 809 1279 habitantem
825 1228 1016 1295 pernoctantem

272 1301 355 1356 curis!
378 1305 416 1367 ut,
435 1319 513 1373 quum
529 1301 610 1355 totius
628 1300 716 1355 mundi
735 1304 821 1355 motus
839 1301 1016 1356 conversiones

272 1377 437 1447 perspexerit,
448 1376 580 1447 sideraque
594 1376 687 1432 viderit
702 1376 895 1431 innumerabilia
912 1376 974 1432 caelo
989 1377 1016 1431 in

272 1452 355 1505 tentia
377 1470 433 1507 cum
456 1452 511 1523 ejus
532 1453 612 1522 ipsius
635 1456 708 1507 motu
728 1469 868 1521 congruere
889 1453 966 1508 certis
989 1452 1016 1507 in

272 1526 390 1592 sedibus;
408 1531 504 1597 septem
520 1528 568 1582 alis
586 1546 646 1583 suos
663 1545 768 1599 quaeque
785 1531 873 1582 tenere
889 1546 987 1593 cursus,
1002 1546 1016 1583 n

272 1605 327 1655 tum
348 1601 416 1656 inter
436 1619 464 1656 se
487 1606 532 1656 sut
552 1603 687 1658 altitudine
709 1607 753 1658 aut
772 1602 916 1659 humilitate
936 1604 1016 1659 distau

272 1694 379 1748 quorum
398 1677 457 1747 vagi
480 1680 564 1734 motus
588 1683 644 1733 rata
668 1683 753 1733 tamen
776 1682 803 1733 et
827 1684 897 1733 certa
916 1680 956 1734 sui
977 1698 1016 1734 cus

272 1753 355 1824 spatis
365 1753 501 1810 deliniunt:
519 1753 610 1809 horum
626 1755 745 1809 nimirum
763 1759 881 1825 aspectus
898 1756 1016 1825 impuliti

272 1836 371 1886 veteres
392 1834 418 1885 et
441 1828 579 1895 admonuit,
601 1839 632 1885 ut
655 1830 729 1901 plura
751 1836 902 1901 quaterent.
938 1831 1004 1887 Inde

272 1907 402 1979 indagatio
422 1917 483 1961 nata
500 1907 630 1961 initiorum
650 1912 677 1962 et
698 1911 826 1975 tamquam
848 1907 981 1972 seminum,
999 1926 1016 1961 u

272 1989 359 2041 essent
370 1984 454 2038 omnia
462 1988 525 2048 orte,
536 1986 663 2054 generata,
674 1987 807 2047 concreta;
826 2000 932 2053 quasque
941 1983 1016 2055 cujus

272 2061 372 2129 generis
384 2059 425 2114 vel
436 2060 539 2114 manimi
552 2058 592 2114 vel
603 2057 746 2122 amarantis,
756 2057 797 2112 vel
809 2058 874 2111 muti
887 2058 1016 2130 velleque

272 2136 421 2206 origoque
437 2136 497 2201 vita,
511 2135 555 2205 qui
570 2134 697 2199 interitus,
715 2151 819 2204 quaeque
838 2151 870 2187 ex
886 2132 935 2188 alio
953 2135 982 2188 in
999 2135 1016 2189 a'

272 2211 420 2265 vicissitudo
432 2215 509 2283 atque
520 2211 644 2277 mutatie;
663 2209 731 2265 unde
743 2216 817 2273 terre,
831 2212 858 2263 et
870 2209 962 2279 quibus
975 2210 1016 2265 libi

272 2286 433 2355 ponderibus,
455 2287 547 2357 quibus
566 2287 680 2344 cavernis
700 2286 778 2341 maria
801 2286 945 2351 sustineat;
969 2287 997 2341 in

273 2362 363 2426 omnis,
381 2361 465 2415 delata
482 2363 617 2432 gravitate,
632 2362 742 2417 medium
761 2361 848 2416 mundi
866 2361 949 2416 locum
968 2380 1016 2417 sen

273 2440 401 2507 expetant,
415 2438 458 2507 qui
470 2445 509 2492 est
521 2437 588 2492 idem
599 2438 701 2493 infimus
713 2438 740 2492 in
752 2437 869 2492 rotunde.

233 2522 265 2571 70
308 2514 392 2569 XXV.
411 2514 476 2568 Hoec
492 2513 614 2568 tractanti
632 2514 715 2569 animo
733 2519 759 2568 et
777 2518 865 2567 nectes
883 2516 910 2567 et
927 2512 1016 2567 diesc

273 2591 339 2645 tanti
357 2590 457 2646 exsistit
474 2589 518 2644 illa
534 2606 550 2643 a
566 2588 614 2643 deo
630 2589 737 2659 Delphis
756 2591 882 2660 praecepte
899 2589 1016 2658 cognitio

272 2668 366 2735 ipsese
378 2685 448 2721 mens
461 2668 580 2737 agnoscat
592 2665 802 2735 conjunctamque
814 2682 871 2720 cum
884 2662 969 2718 divina
981 2682 1016 2719 ms

266 2760 297 2797 se
314 2744 418 2811 sentiet,
436 2760 467 2799 ex
487 2759 537 2815 quo
554 2741 691 2797 insatiabili
708 2740 800 2810 gaudio
818 2738 968 2809 completur.
1006 2741 1016 2792 1

254 2819 327 2877 enim
340 2822 402 2895 cogi
404 2823 470 2879 tatio
484 2821 517 2879 de
529 2819 558 2878 τ’.
569 2823 598 2876 et
608 2821 705 2874 natura
715 2815 823 2868 deorum
832 2813 948 2865 studium
955 2815 1016 2865 inae

238 2894 319 2955 ilius
336 2902 511 2960 aeternitatis
535 2895 670 2960 mitsndae
687 2906 775 2959 neque
790 2905 821 2941 ae
836 2885 871 2937 'su
880 2882 1015 2935 breuitate
