2634 3367
427 338 474 388 184
569 337 1089 393 Tuscuusx.1)18PUTsT10NUM

426 448 487 516 bris,
504 449 605 513 deliciis,
623 449 684 513 otio,
701 449 830 519 languore,
848 448 943 504 desidia
958 450 1069 504 animum
1086 449 1144 504 iulo

427 525 586 595 opinionibus
596 524 712 595 maloque
722 543 790 581 mors
797 524 934 580 delenitum
944 525 1106 580 mollivimus.
1124 526 1144 581 d

427 601 521 655 tiorum
540 618 634 655 morem
652 599 710 670 quis
728 601 848 670 ignorutt
875 618 982 671 quorum
1000 601 1107 657 imbutae
1124 621 1144 656 m

428 676 559 748 pravitatis
568 675 695 731 erroribus
705 677 819 746 quemvis
829 676 997 732 esrrriiieinnm
1007 677 1079 747 prius
1090 677 1144 732 subi

428 771 503 822 qusm
515 751 576 807 ibim
588 755 633 806 sut
649 752 761 822 aspidem
778 757 823 807 sut
836 752 909 808 felem
922 757 967 808 sut
979 771 1068 808 canem
1081 757 1144 809 sut«

428 827 505 882 dilum
520 827 629 882 violent:
648 845 755 898 quorum
774 829 851 884 etism
868 829 891 884 si
907 829 1082 901 imprudentes
1095 830 1144 900 qui]

389 904 542 970 torserint,
552 922 651 974 poenam
664 903 758 958 nullam
770 909 896 960 recusent.
920 907 960 960 De
968 904 1115 961 hominibus
1126 905 1144 959 l<

429 981 499 1042 Quid
511 980 618 1036 bestioet
649 981 710 1035 Non
726 981 816 1051 frigus,
827 999 879 1036 non
892 983 1049 1049 tamennon
1063 982 1144 1036 monti

429 1062 505 1129 atque
517 1056 645 1112 silvestres
662 1075 752 1112 cursus
768 1057 983 1128 lustrationesque
998 1057 1144 1127 patiuntur]

429 1151 476 1204 pro
497 1151 544 1188 suo
566 1138 641 1205 portu
663 1133 701 1188 its
721 1137 891 1203 propugnant,
911 1137 942 1188 ut
961 1133 1068 1189 vulnere
1087 1134 1144 1188 exoi

430 1208 512 1263 nullos
525 1209 641 1279 impetus,
653 1209 737 1264 nullos
749 1209 816 1264 ictus
828 1209 1012 1264 reformident?
1046 1209 1144 1264 Omitto

430 1285 565 1356 perferant,
588 1303 694 1356 quosque
715 1285 845 1354 patiantur
865 1285 993 1340 ambitiosi
1015 1284 1119 1339 honoris
1140 1304 1144 1336 ι

430 1362 512 1416 laudis
524 1360 632 1416 studiosi
648 1360 735 1432 gloriae
751 1361 841 1432 gratia,
853 1378 938 1416 amoro
953 1361 1050 1416 incensi
1066 1360 1144 1431 oupid

430 1436 509 1491 Plena
522 1437 574 1492 vita
585 1436 760 1507 exemplorum
771 1440 819 1492 est.

393 1524 423 1569 ⁸0
467 1513 594 1568 XXVIII„
613 1512 663 1567 Sed
675 1512 793 1568 adhibeat
805 1513 887 1568 oratio
899 1512 1009 1581 modum,
1018 1516 1045 1568 et
1057 1512 1144 1567 redeat

434 1590 498 1644 unde
516 1589 628 1644 deflexit.
666 1590 751 1658 Dabit,
772 1591 850 1656 dabit,
872 1591 983 1661 inquom,
1001 1609 1029 1646 so
1049 1591 1077 1645 in
1096 1593 1144 1644 torr

432 1668 485 1722 vita
502 1667 592 1722 beuta:
616 1684 663 1721 neo
677 1668 813 1736 justitiam,
826 1669 1026 1738 temperantium,
1041 1669 1069 1723 in
1085 1669 1144 1739 prin

433 1743 614 1806 fortitudinem,
623 1743 824 1813 magnitudinem
834 1745 918 1810 animi,
925 1745 1072 1815 patientium
1081 1762 1144 1815 pros

434 1839 512 1892 quum
530 1819 634 1874 tortoris
652 1837 681 1873 os
698 1818 797 1887 viderit,
810 1821 947 1887 oonsistet;
966 1819 1144 1891 virtutibusqm

434 1897 508 1953 nibus
529 1897 582 1952 sine
603 1895 654 1950 ullo
674 1895 750 1950 animi
768 1900 864 1951 terrore
882 1896 914 1951 sd
934 1896 1074 1952 cruciatum
1094 1914 1144 1966 pro,

433 1974 536 2029 resistet
557 1977 629 2028 extra
649 1972 717 2026 iores
736 1973 777 2041 (ut
799 1976 857 2027 ante
878 1972 941 2042 dixi)
960 1973 1087 2042 limenque
1108 1989 1144 2026 our

435 2049 502 2115 Quid
514 2049 580 2104 enim
596 2066 626 2102 es
637 2046 738 2112 foedius,
752 2047 812 2117 quid
825 2047 961 2102 deformius
976 2048 1029 2102 sola
1040 2046 1137 2112 rolieta,

434 2129 493 2179 tatu
510 2125 678 2194 pulcherrimo
695 2124 848 2193 segregata?
884 2123 958 2188 Quod
974 2127 1060 2178 tumen
1080 2123 1135 2178 lieri

435 2205 510 2272 paeto
531 2203 623 2271 potest.
659 2200 715 2254 Noe
734 2199 800 2253 enim
819 2199 926 2253 virtutes
947 2199 1000 2253 sine
1018 2198 1094 2253 beuta
1111 2199 1144 2253 vil

397 2291 425 2336 81
435 2277 530 2332 hoerere
548 2278 664 2345 possunt,
682 2293 730 2330 neo
747 2275 790 2329 illa
807 2275 861 2329 sine
878 2274 1023 2330 virtutibus.
1060 2276 1144 2344 Itaque

435 2351 597 2421 tergiversari
616 2368 668 2404 nou
692 2351 783 2415 sinent,
805 2368 940 2420 secumque
961 2350 1067 2420 rapient,
1086 2349 1118 2403 sd
1139 2371 1144 2403 s

436 2444 544 2497 cumque
553 2426 614 2494 ipsae
623 2424 734 2480 dolorem
744 2425 933 2497 emoistumquo
942 2426 1073 2481 ducentur.
1099 2427 1144 2495 Sap

437 2507 477 2559 est
493 2502 559 2557 enim
576 2500 712 2570 proprium,
729 2501 798 2567 nibil,
812 2502 879 2571 quod
895 2504 1016 2572 proenitere
1031 2502 1120 2571 possit,
1134 2501 1144 2554 l

437 2579 500 2635 nihil
517 2578 640 2641 invitum
659 2575 796 2645 splendide,
815 2581 968 2642 constanter,
986 2578 1105 2648 graviter,
1121 2576 1144 2630 hs

438 2656 537 2722 omnia3
555 2653 617 2709 nihil
628 2651 666 2706 its
677 2655 830 2721 exspectare,
844 2653 916 2723 qussi
927 2658 996 2707 oerto
1008 2654 1121 2707 futurum
1131 2674 1138 2718 ;

438 2750 515 2804 quum
529 2729 655 2796 sooiderit,
669 2728 793 2793 admirari,
806 2733 836 2782 ut
848 2729 1004 2798 inopinatum
1016 2747 1045 2782 eo
1057 2746 1144 2782 novun

422 2809 495 2868 disse
511 2811 647 2884 nitentum
668 2807 756 2870 omnis
773 2807 807 2866 od
824 2825 903 2863 suum
918 2805 1052 2859 subustum
1063 2804 1144 2885 solem

405 2891 484 2950 stare
500 2893 626 2966 judiciis.
671 2895 736 2960 Quo
760 2887 827 2968 quid
853 2886 889 2944 sit
910 2881 1030 2943 bestius,
1045 2876 1144 2929 uiuus
