2634 3367
319 330 352 378 64
459 330 655 379 TUSCULAN.
674 329 971 379 DISPUTATIONUM

319 456 375 494 esse
386 440 539 511 nequitiam:
558 440 643 495 desine
654 440 681 495 id
693 458 733 495 me
745 440 848 497 docere:
867 442 916 497 hoe
928 441 997 507 doce,
1010 442 1107 497 doleam

318 532 398 570 necue
418 516 522 581 doleam,
543 516 606 570 nihil
629 517 941 588 interesse-Numquam
962 518 1105 589 quidquam,

264 652 266 656 ‚
317 591 409 661 iuquit,
422 591 454 646 ad
465 592 539 648 beate
551 592 651 662 quidem
664 593 805 658 vivendum,
819 594 887 664 qnod
899 598 939 649 est
955 595 982 648 iu
994 613 1046 649 nna
1056 597 1107 651 vir·

317 669 375 722 tute
390 668 517 739 positum:
535 668 580 722 sed
595 672 737 723 esttamen
752 669 924 739 rejiciendum.
961 670 1035 725 Curt
1059 672 1107 725 Aa·

316 760 405 873 perum
426 748 473 810 est,
495 748 583 799 contra
602 748 727 811 naturam,
749 745 848 799 difficile
871 764 1000 817 perpessu,
1022 747 1105 813 triste,

334 838 416 874 nrum.

276 900 308 948 80
350 897 427 949 XIII.
447 896 511 951 Haec
534 900 574 951 est
597 898 670 966 copia
690 897 831 962 verborum,
854 896 922 969 quod
945 915 1104 952 omnesaue

314 972 393 1026 verbo
412 971 506 1027 malum
526 972 688 1043 appellamus,
709 972 736 1027 id
755 975 796 1027 tot
816 973 897 1028 modis
918 991 993 1044 posse
1012 973 1103 1029 dicere.

315 1047 411 1103 Delinis
423 1052 454 1103 tu
465 1048 534 1114 mihi,
546 1066 598 1103 nou
608 1048 678 1103 tollis
687 1048 805 1113 dolorem,
819 1067 897 1120 quum
906 1049 969 1104 diois
978 1067 1102 1118 aspamam,

315 1128 404 1179 contra
418 1128 543 1190 naturam,
554 1124 603 1180 vix.
613 1124 681 1195 quod
697 1123 758 1179 ferri
773 1124 925 1196 tolerarique
942 1125 1038 1195 possit:
1057 1143 1104 1180 nec

314 1201 443 1256 mentiris:
462 1201 507 1256 sed
519 1219 546 1256 re
558 1199 721 1255 sucumbere
737 1217 788 1254 uon
799 1201 940 1271 oportebat,
953 1200 1038 1256 verbis
1049 1199 1104 1271 glo-

314 1276 429 1343 riantem,
446 1277 507 1332 dum
522 1277 586 1331 nihil
602 1276 704 1342 bonuau
721 1276 771 1331 nisi
788 1277 855 1348 quod
871 1277 1021 1331 honesturn:
1040 1277 1104 1332 nihil

314 1354 415 1419 malam,
432 1353 482 1408 nisi
494 1353 562 1422 quod
577 1357 660 1422 turpe.
695 1352 791 1422 Optare
806 1353 854 1408 hoe
871 1352 971 1425 quidem
986 1356 1034 1418 est,
1052 1372 1103 1408 nou

314 1429 411 1485 docere.
447 1429 517 1484 Illud
531 1433 559 1483 et
573 1429 663 1483 melius
679 1432 706 1484 et
717 1429 817 1484 verius:
836 1430 926 1497 omnia,
940 1448 998 1500 quae
1011 1433 1103 1484 natura

313 1508 469 1575 aspernetur,
482 1506 509 1559 iu
520 1504 592 1559 malis
604 1522 674 1559 esse:
694 1522 750 1575 qnae
766 1505 880 1571 asciscat,
893 1507 920 1559 iu
933 1505 1012 1561 bouis.
1044 1507 1102 1561 Hoc

313 1582 403 1651 posito,
416 1585 443 1635 et
452 1580 585 1635 verboram
594 1580 781 1635 concertatione
791 1580 896 1646 sublata,
907 1585 1006 1636 tantum
1016 1584 1102 1636 tamen

312 1656 418 1711 excellet
429 1656 498 1721 illud,
512 1655 586 1726 quod
594 1658 664 1710 recte
676 1655 853 1725 amplexantur
868 1657 920 1722 isti,
932 1656 1000 1728 quod
1013 1658 1102 1712 hones·

311 1735 375 1798 tum,
386 1732 454 1803 quod
462 1735 567 1797 rectum,
578 1731 646 1804 quod
654 1730 773 1786 decorum
782 1732 945 1802 appellamus,
955 1732 1022 1804 quod
1034 1733 1099 1788 idem

310 1808 439 1864 interdurn
454 1808 557 1863 rimutis
574 1808 675 1862 nomine
691 1808 872 1878 amplectimur,
891 1813 922 1864 nt
938 1810 1023 1863 omnia
1038 1828 1101 1879 prae·

311 1888 382 1939 terea
393 1904 450 1955 quas
461 1884 528 1940 bona
539 1884 650 1954 corporis
662 1889 689 1938 et
700 1883 810 1940 fortunae
821 1890 952 1955 putantur,
965 1886 1102 1956 perexigua

311 1964 338 2015 et
353 1962 452 2017 minuta
467 1961 614 2027 rideantur:
633 1977 666 2015 ne
682 1961 776 2016 malum
791 1960 892 2032 quidem
904 1961 992 2028 ullum,
1008 1980 1063 2026 uec,
1079 1961 1102 2016 si

310 2038 338 2092 in
358 2058 437 2093 mum
457 2039 539 2093 locum
560 2038 651 2093 collata
671 2038 755 2092 omnia
775 2038 834 2103 siut,
856 2055 914 2092 oum
934 2038 1101 2107 turpitudinis

271 2120 300 2167 tl
312 2115 377 2170 malo
389 2114 561 2185 comparanda
591 2115 686 2179 Quare,
703 2114 733 2179 si,
746 2118 776 2168 nt
792 2114 865 2168 initio
879 2114 1034 2181 concessisti,
1047 2118 1101 2168 tur·

310 2190 401 2259 pitudo
419 2192 492 2261 pejus
513 2194 560 2255 est,
582 2209 657 2262 quam
676 2190 762 2245 dolor:
784 2189 847 2243 nihil
866 2192 906 2244 est
927 2190 1001 2260 plane
1021 2191 1100 2249 dolor.

311 2267 379 2321 Nam
391 2266 451 2321 dum
460 2265 507 2320 tibi
518 2269 593 2337 turpe
605 2284 652 2320 neo
663 2266 768 2337 dignum
780 2266 834 2321 viro
843 2266 977 2331 videbitur,
991 2286 1101 2337 gemere,

310 2343 412 2412 ejulare,
425 2342 564 2405 lamentari,
583 2341 673 2412 frangi,
687 2341 812 2397 debilitari
829 2342 921 2407 dolore,
939 2348 994 2397 tum
1011 2344 1100 2400 hones·

309 2424 358 2485 tas,
375 2423 431 2472 tum
449 2417 567 2487 dignitas,
584 2420 640 2471 tum
658 2417 735 2473 decus
753 2418 850 2473 aderit:
868 2422 948 2490 tuque
967 2420 995 2473 in
1012 2438 1043 2475 ea
1063 2422 1100 2476 iu-

309 2497 393 2559 tuens,
413 2497 440 2547 te
461 2492 616 2547 continebis:
637 2493 710 2548 cedet
733 2495 849 2565 profecto
868 2495 959 2550 virtuti
980 2495 1052 2550 dolor
1072 2504 1100 2552 et

310 2568 387 2622 animi
406 2568 552 2622 inductione
571 2567 726 2638 languescet,
761 2572 815 2623 Aut
836 2570 903 2625 enim
926 2570 996 2624 nulla
1016 2572 1099 2627 virtus

310 2648 350 2699 est
366 2648 411 2699 aut
427 2642 625 2698 contemnendus
641 2646 722 2699 omnis
735 2645 812 2700 dolor.
847 2645 1045 2702 Prudentiamne
1060 2650 1099 2703 ris

310 2738 373 2784 esse,
392 2720 446 2775 sine
464 2737 514 2790 qua
531 2737 563 2773 ne
580 2719 688 2790 intelligi
705 2720 805 2792 quidem
824 2721 876 2775 ulla
891 2722 974 2776 uirtus
991 2726 1098 2792 potest?

295 2794 374 2850 Qm'd
391 2798 479 2867 ergo?
500 2814 531 2852 ea
554 2795 702 2866 patieturne
724 2801 752 2853 te
773 2797 909 2869 quidquam
929 2798 1012 2852 faeere
1036 2800 1099 2855 nihil

269 2867 464 2929 calciantem
488 2878 517 2931 et
538 2873 728 2934 laborantemi
754 2893 789 2933 an
807 2872 1063 2947 temptaturus
1074 2879 1113 2950 aa
