2634 3367
303 330 335 376 90
445 328 641 377 TUSCULAN.
662 330 959 378 DISPUTATIONUM

333 464 367 475 ·-
377 464 410 474 -
421 436 540 491 Quisnam
551 439 634 487 florem
645 437 748 490 liberum
759 438 846 489 invidit
856 440 957 489 mellml
1039 489 1045 497 ,

302 513 372 567 Male
393 513 485 567 Latine
505 513 613 578 videtur,
634 514 680 569 sed
703 516 820 585 preclare
841 517 949 581 Accius3
975 519 1006 570 ut
1027 518 1094 574 enim

302 588 396 652 videre,
419 589 456 642 sic
476 588 588 643 invidere
608 590 695 645 florem
716 592 818 656 rectius,
841 610 914 662 quam
936 592 1001 646 flori
1021 594 1095 648 >Nos

304 664 486 717 consuetudine
506 664 683 734 prohibemur:
706 671 782 736 poeta
796 671 841 737 jus
861 686 936 721 suum
957 668 1051 733 tenuit,
1069 672 1097 723 et

304 738 370 792 dixit
381 738 509 793 audacius.

265 822 294 869 21
339 815 373 869 X.
391 814 467 869 Cadit
484 815 564 885 igitur
577 817 605 870 in
621 817 736 871 eumdem
755 822 781 872 et
799 817 912 872 misereri
930 820 957 871 et
975 816 1097 873 invidere.

305 890 373 944 Nam
393 890 438 960 qui
455 890 523 944 dolet
543 891 619 945 rebus
638 892 744 962 alicujus
765 892 884 957 adversis,
902 892 969 946 idem
990 892 1098 963 alicujus

304 966 381 1020 etiam
399 965 515 1020 secundis
533 965 616 1020 dolet:
640 973 672 1021 ut
689 968 886 1038 'lbeopbrastuq
904 967 1038 1021 interitum
1056 968 1098 1023 de·

305 1042 406 1113 plorans
427 1041 574 1097 Callistheni
595 1042 688 1097 sodalis
708 1044 756 1107 sui,
776 1043 851 1097 rebus
869 1042 1007 1098 Alexandri
1028 1062 1098 1114 pros·

305 1118 372 1187 peris
396 1117 513 1189 angitur:
537 1118 622 1188 itaque
646 1117 708 1173 dicit
729 1118 907 1173 callisthenem
927 1117 1048 1172 incidisse
1071 1118 1099 1171 in

305 1194 432 1250 bominem
449 1212 547 1249 summa
567 1195 681 1263 potentia
701 1212 847 1265 summaque
865 1193 976 1258 fortuna,
995 1194 1041 1248 sed
1059 1194 1098 1264 ig·

306 1290 404 1339 narum,
421 1269 630 1341 quemadmodum
652 1270 728 1326 rebus
749 1268 865 1325 secundis
886 1268 924 1322 uti
944 1270 1099 1323 conveniret.

307 1347 388 1417 Atqui
405 1344 614 1415 quemadmodum
631 1345 802 1401 misericordia
817 1344 942 1415 agritudo
958 1348 999 1398 est
1016 1363 1050 1398 ex
1065 1344 1100 1398 al-

305 1422 387 1475 terius
403 1420 480 1474 rebus
498 1418 625 1473 adrerum
650 1421 688 1475 sic
705 1420 844 1475 invidentia
862 1418 987 1489 agritudo
1006 1423 1048 1473 est
1068 1437 1101 1473 ex

307 1495 411 1549 alterius
422 1494 498 1548 rebus
510 1492 634 1548 secundia
670 1495 704 1548 In
715 1514 790 1565 quem
806 1495 886 1565 igitur
897 1493 965 1548 cadit
977 1494 1099 1559 misereri,

307 1571 335 1625 in
345 1568 460 1624 eumdem
476 1568 552 1622 etiam
567 1568 687 1623 inuidere.
723 1570 785 1624 Nou
800 1570 868 1624 cadit
884 1573 969 1623 autem
986 1569 1101 1624 invidere

306 1645 335 1699 iu
351 1644 506 1713 sapientem:
527 1660 588 1713 ergo
598 1662 632 1697 ne
644 1643 756 1698 misereri
768 1644 877 1715 quidem.
908 1644 986 1703 Quod
998 1645 1020 1699 si
1032 1663 1101 1715 segre

307 1720 374 1774 ierre
385 1718 485 1788 sapiens
498 1718 598 1783 soleret,
608 1718 721 1773 misereri
732 1720 810 1775 etiam
820 1720 920 1775 soleret.
944 1720 1027 1775 Abest
1039 1738 1101 1791 ergo

309 1814 325 1851 a
336 1794 449 1864 sapiente
462 1794 595 1865 egritudo.

268 1878 300 1926 22
344 1871 409 1926 Hoc
432 1871 469 1924 sic
489 1870 608 1925 dicuntur
628 1887 644 1923 a
668 1869 760 1925 Stoicis
783 1869 1019 1941 concludunturque
1041 1888 1103 1925 con·

308 1947 411 2003 tertius.
446 1945 497 2001 Sed
518 1946 595 2001 latius
619 1945 748 2016 aliquanto
767 1945 873 2001 dicenda
891 1954 952 1999 sunt
975 1949 1003 1999 et
1027 1945 1103 2000 diffu-

309 2024 378 2079 sius:
397 2021 530 2078 sententiis
544 2028 630 2077 tamen
640 2022 764 2077 utendum
776 2040 863 2077 eorum
876 2020 1044 2091 potissimum,
1058 2020 1104 2092 qui

308 2101 417 2155 maxime
437 2100 499 2155 forti
519 2104 553 2165 et,
572 2104 604 2154 ut
624 2100 663 2155 ita
682 2098 771 2164 dicam,
791 2099 857 2153 virili
875 2102 985 2153 utuntur
1003 2099 1103 2153 ratione

310 2181 387 2245 atque
406 2176 540 2230 sententia
577 2176 646 2231 Nam
664 2175 835 2246 Peripatetici,
856 2174 990 2228 familiares
1011 2174 1103 2239 nostri,

310 2251 402 2321 quibua
416 2250 479 2304 nihil
496 2255 536 2305 est
553 2252 664 2315 uberius,
682 2250 745 2305 nibil
760 2250 892 2314 eruditius,
910 2248 973 2303 nihil
989 2250 1102 2319 gravim,

310 2325 497 2380 mediocritates
511 2325 555 2387 ¹vel
573 2327 792 2395 perturbationum
806 2325 846 2380 vel
863 2324 1008 2380 morborum
1025 2325 1105 2379 animi

310 2400 373 2455 mihi
395 2416 447 2453 non
469 2417 529 2453 sane
553 2400 669 2469 probant.
707 2403 787 2455 Omne
810 2400 876 2455 enim
899 2399 1000 2464 malum
1024 2400 1104 2454 etiam

310 2474 443 2539 mediocre,
462 2492 580 2543 maguum
598 2480 646 2530 est.
682 2476 738 2531 Nos
756 2475 885 2531 autemid
903 2475 1009 2546 agimua
1029 2478 1058 2528 ut
1076 2474 1105 2529 id

268 2614 273 2622 ¹
310 2552 337 2607 in
349 2550 462 2620 sapiente
478 2550 574 2604 nullum
590 2550 624 2604 sit
636 2552 746 2606 omnino.
782 2552 850 2606 Nam
866 2555 896 2606 ut
913 2568 1013 2620 corpus,
1026 2550 1105 2604 etiam

311 2628 334 2683 si
347 2626 506 2682 mediocriter
517 2644 613 2696 agrum
628 2630 676 2691 est,
690 2644 779 2681 sanum
794 2629 912 2681 nonest:
932 2625 1006 2680 sicin
1019 2625 1104 2678 animo

311 2704 362 2758 ista
373 2702 533 2758 mediocritas
545 2705 614 2756 caret
626 2701 743 2756 sanitate.
780 2702 871 2770 Itaque
884 2700 1002 2771 preclare
1014 2701 1104 2763 nostrl,

307 2783 340 2832 ut
348 2779 399 2834 alia
411 2779 499 2845 multa,
512 2776 663 2844 molestiam,
675 2776 876 2841 sollicitudinem,
889 2793 1017 2846 angorem,
1030 2793 1106 2845 prop-

293 2858 338 2907 ter
353 2856 559 2916 similitudinem
575 2869 719 2930 corporum
733 2869 870 2925 agrorum,
880 2850 1055 2931 egritudinem
1060 2867 1107 2901 uo

229 2928 470 2997 narraverunt.
510 2940 576 2998 Hoc
601 2929 801 3006 propemodum
821 2924 904 2994 uerbo
921 2923 1010 2975 uisu
1026 2935 1132 2971 emnem

187 3059 216 3109 k
