2634 3367
482 333 551 382 LIB.
570 333 590 383 Ι.
608 332 683 381 cAP.
698 333 738 391 40,
750 333 790 381 el.
998 335 1027 380 41

239 448 266 501 ct
283 446 310 501 in
328 445 442 500 omnium
458 463 544 500 rerum
561 445 726 500 humanarum
743 443 930 515 contemptione
946 461 976 499 nc
988 443 1031 498 de-

238 522 380 592 spicientia,
402 526 429 576 et
452 520 480 575 in
500 521 569 576 omni
590 523 686 577 virtute
707 539 837 591 ponamus.
874 520 942 575 Nem
963 538 1030 575 nunc

239 596 342 668 quidem
361 596 558 669 cogitationibus
578 597 731 653 mollissimis
751 598 930 662 effeminatum,
949 601 986 660 ut,
1008 597 1031 652 si

238 678 299 728 ante
316 691 386 727 mors
404 672 532 737 adventet,
550 691 625 744 quam
642 673 814 729 Chaldaeorum
831 672 955 743 promissa
971 690 1030 726 eon-

238 749 322 804 secuti
341 749 428 815 simns,
451 749 552 819 spoliati
572 749 672 821 magnis
691 749 840 821 quibusdam
861 748 942 815 honis,
962 748 1029 803 illusi

237 824 408 895 destitutique
425 825 563 880 videamur.
600 825 678 884 Quod
696 826 717 880 si
733 824 906 897 exspectando
921 828 948 879 et
965 824 1069 886 desi-96

237 900 351 955 derando
371 900 510 970 pendemus
533 901 632 966 animis,
653 901 803 967 cruciamur,
828 901 958 972 angimur:
983 918 1029 968 pro

237 975 274 1030 dii
290 976 460 1032 immortales!
486 995 561 1049 quam
579 977 630 1031 iter
641 977 704 1032 illud
718 977 857 1048 jucundum
874 995 930 1032 esse
945 975 1029 1042 debet,

238 1070 290 1124 quo
302 1052 426 1118 coniecto,
438 1053 508 1107 nulla
519 1053 616 1123 reliqua
627 1071 695 1121 cura,
708 1054 777 1108 nulla
788 1053 931 1108 sollicitudo
943 1052 1030 1107 futura

238 1128 288 1182 sit!
310 1128 394 1187 Qnam
407 1147 447 1183 me
459 1129 569 1184 delectat
580 1130 763 1184 Theramenes!
784 1147 859 1199 quam
868 1130 934 1183 elato
946 1129 1029 1182 animo

238 1206 294 1259 est!
314 1205 373 1259 Etsi
389 1206 455 1259 enim
471 1206 569 1271 flemus,
588 1225 666 1278 qunm
684 1206 800 1278 legimus,
816 1211 969 1259 tamennon
984 1205 1031 1259 mi·

237 1280 381 1335 serabiliter
398 1283 437 1336 vir
453 1282 537 1336 clarus
557 1283 689 1337 emoritur.
725 1281 776 1347 Qui
796 1299 882 1352 quum,
900 1280 1029 1351 conjectus

236 1358 264 1412 in
285 1374 412 1412 carcerem
434 1359 542 1430 triginta
564 1359 638 1430 jussu
658 1364 832 1430 tyrannorum,
854 1376 977 1412 venenum
999 1368 1029 1412 ut

237 1433 329 1487 sitiens
346 1432 502 1499 obduxisset,
520 1434 644 1506 reliquum
664 1434 701 1490 sic
719 1453 733 1490 e
749 1434 840 1506 poculo
856 1433 938 1505 ejecit,
954 1438 985 1488 ut
1002 1434 1029 1490 id

237 1513 377 1574 resonaret,
387 1527 437 1580 quo
450 1514 537 1564 sonitu
549 1510 657 1575 reddito,
667 1510 787 1576 urridens,
802 1511 929 1581 Propino,
938 1511 1029 1582 inquit,

237 1585 285 1639 hoo
294 1587 388 1654 pulcro
399 1586 496 1650 Oritioe,
506 1586 550 1656 qui
562 1587 589 1641 in
597 1605 656 1641 eurn
665 1587 748 1641 inerat
757 1588 917 1642 teterrimus.
947 1587 1029 1642 Graeci

237 1660 305 1715 enim
318 1660 345 1714 in
357 1661 478 1716 conviviis
487 1661 570 1717 solent
581 1664 719 1729 nominare,
729 1663 771 1718 cni
782 1663 900 1734 poculum
910 1662 1029 1718 tradituri

237 1737 299 1790 sint.
336 1737 413 1791 Lusit
430 1737 470 1792 vir
489 1740 607 1810 egregius
625 1743 738 1794 extremo
759 1739 858 1810 spiritu,
881 1758 958 1811 qnam
974 1743 1029 1809 jam

237 1812 386 1881 precordiis
403 1818 551 1884 conceptam
569 1820 677 1869 mortem
696 1816 852 1871 contineret:
871 1833 981 1884 vereque
996 1816 1028 1880 ei,

237 1889 280 1943 cui
298 1907 423 1944 venenum
441 1890 600 1960 praebiberat,
619 1896 726 1946 mortem
745 1897 784 1946 est
805 1910 860 1946 eam
880 1894 1027 1960 auguratus,

237 1983 296 2035 quae
308 1965 380 2020 brevi
388 1971 524 2021 consecuta
532 1970 580 2021 est.
606 1968 669 2032 Quis
681 1968 746 2022 hano
755 1966 831 2021 animi
843 1964 945 2020 maximi
954 1966 1028 2035 equi·
1037 1981 1068 2030 97

237 2045 320 2095 tatem
337 2042 436 2112 inipso
453 2047 535 2097 morte
549 2042 673 2111 laudaret,
690 2044 711 2098 si
729 2047 837 2097 mortem
854 2040 947 2094 malum
960 2040 1029 2110 judi·

236 2119 330 2173 earet?
348 2117 427 2174 Vadit
435 2118 461 2172 in
470 2118 586 2173 eumdem
594 2137 719 2174 carcerem
728 2123 803 2189 atque
811 2118 838 2171 in
846 2116 961 2171 eumdem
969 2135 1029 2187 pau·

236 2196 275 2250 oie
284 2198 344 2265 post
353 2195 425 2249 annis
435 2196 557 2267 scyphum
567 2197 693 2261 Socrates,
704 2194 791 2250 eodem
803 2194 896 2250 scelere
906 2193 1027 2264 judicum,

236 2289 288 2343 quo
313 2276 478 2342 tyrannorum
503 2272 680 2327 Theramenes.
721 2273 782 2337 Quae
806 2276 846 2326 est
869 2271 949 2342 igitur
972 2273 1028 2341 ejus

235 2348 328 2412 oratio,
347 2366 398 2417 qua
416 2349 477 2403 facit
498 2366 556 2402 eum
576 2348 651 2403 Plato
670 2366 744 2402 usum
765 2348 832 2418 apud
849 2348 957 2417 judices,
973 2351 1028 2418 jam

235 2429 321 2480 morte
333 2424 503 2481 mulctatum?

272 2501 346 2557 XLI.
367 2501 491 2572 “Mapna
511 2518 558 2565 me,
576 2500 667 2571 iuquit,
686 2518 740 2571 aper
759 2510 832 2559 terret,
846 2500 953 2570 judicer,
973 2500 1029 2554 tene

234 2580 304 2632 mili
315 2579 423 2643 evenire,
432 2578 501 2648 qaod
511 2579 597 2630 mittar
608 2577 644 2630 ad
654 2586 762 2631 mortem.
792 2576 895 2630 Neaerae
903 2587 939 2630 sat
950 2580 1027 2640 enim,

233 2659 270 2709 eit
287 2656 401 2707 ahenam
419 2653 449 2705 de
467 2653 587 2714 elecebrae,¹
604 2662 635 2705 ot
652 2662 700 2705 aut
717 2670 804 2705 naama
821 2654 927 2704 omnino
944 2668 1030 2703 omnes

233 2749 306 2785 mora
316 2732 428 2797 auferat,
439 2733 486 2781 aut
498 2732 526 2781 in
538 2730 623 2782 aliem
632 2728 773 2801 quemdum
785 2730 873 2783 locare
884 2744 916 2778 ea
926 2723 1051 2775 litatem

233 2816 316 2860 morte
329 2808 459 2875 majoratur.
500 2807 682 2881 Quamobrem,
697 2812 755 2866 aloe
769 2822 867 2863 aeneia
882 2792 1072 2868 testiinonium

221 2897 342 2949 mosque
353 2883 380 2934 ei
389 2900 485 2939 somno
502 2891 607 2947 cimilia
622 2902 676 2960 eat,
693 2892 747 2965 qui
766 2882 993 2943 uouuomqlffi
1008 2866 1098 2909 mm
