2634 3367
294 356 341 406 itt
432 357 945 409 rosconmmsrorhnmrrun

293 467 385 522 titulus
414 468 455 522 hie
479 468 588 522 delectat
611 468 718 540 insignis
742 472 769 524 et
792 468 903 539 pulcher,
929 468 1075 540 Pythagorei

294 545 405 608 Socrate
427 543 533 598 Plutone
557 544 728 615 dignissimus,
747 544 868 600 inducant
892 544 1013 609 animum,
1035 545 1075 607 illu

294 637 400 690 qnorum
410 619 541 689 splendore
550 620 692 690 cupiuntur,
702 622 776 688 vires,
785 620 963 683 valetudinem,
974 620 1075 691 pulchri

293 693 415 759 tudinem,
437 694 546 760 diritius,
571 695 686 761 honores,
711 714 780 767 opes,
805 699 973 761 contemnere,
996 713 1074 765 eaque

294 787 350 841 qne
361 770 400 824 his
412 770 538 825 contrariu
550 775 618 838 suut,
627 790 674 842 pro
683 772 761 827 nihilo
772 774 863 827 ducere
873 794 879 826 ε
898 775 955 825 tum
964 775 1075 842 poterunt

294 846 431 901 clarissima
442 864 503 902 roos
518 848 639 917 profiteri,
653 866 681 902 se
697 866 779 919 noque
795 847 904 902 lortunse
920 846 1027 917 impetu,
1039 865 1075 902 ns<

293 922 464 977 multitudinis
481 924 606 993 opinione,
624 941 672 979 neo
690 923 782 989 dolore,
801 940 848 978 neo
865 928 1018 994 paupertate
1035 928 1075 979 ter·

294 998 351 1061 reri,
364 998 497 1068 omniaque
514 999 563 1054 sibi
580 1000 607 1053 in
624 1017 680 1053 sese
698 1018 754 1053 esse
771 1000 862 1070 posite,
879 1016 926 1053 nee
942 1017 999 1053 esse
1014 998 1075 1069 quid·

295 1091 370 1143 quum
390 1080 463 1129 extra
482 1094 552 1129 susm
575 1079 736 1146 potestatem,
755 1075 823 1145 quod
844 1075 938 1129 duouut
957 1074 985 1129 in
1005 1075 1075 1130 bonis

256 1161 287 1208 81
296 1150 413 1222 Namque
424 1155 451 1205 et
462 1151 516 1206 hee
528 1151 604 1222 loqui,
617 1170 673 1221 quae
685 1155 745 1205 suut
758 1151 843 1221 magni
856 1149 989 1219 eujusdam
1001 1154 1029 1205 et
1040 1151 1075 1205 slt

296 1226 350 1293 riri,
362 1231 389 1281 et
401 1226 494 1293 eadem,
506 1244 562 1297 quoe
574 1226 674 1295 vulgus,
686 1226 713 1281 in
729 1226 800 1280 melis
817 1226 928 1281 ethonis
942 1243 1075 1290 numerere

295 1302 398 1357 oonoedi
410 1303 478 1357 nullo
490 1303 565 1357 modo
577 1306 670 1372 potest.
707 1303 763 1366 Qus
778 1302 859 1371 glorie
870 1305 1013 1357 commotus
1024 1301 1075 1371 Epi·

295 1395 371 1432 curus
383 1379 503 1442 exoritur,
517 1378 558 1432 oui
574 1378 658 1445 etism,
671 1377 693 1431 si
705 1377 753 1432 diis
771 1378 860 1447 placet,
873 1377 975 1432 videtur
987 1395 1075 1447 semper

295 1455 394 1523 sapiens
406 1454 503 1508 beatus.
535 1454 588 1508 Hie
600 1454 725 1523 dignitate
736 1454 812 1524 hujus
825 1454 958 1509 seutentiae
970 1455 1069 1524 cupitur

295 1528 341 1582 sed
356 1547 491 1598 numquam
506 1528 532 1582 id
544 1528 646 1593 diceret,
660 1530 682 1583 si
699 1530 753 1599 ipse
769 1548 796 1584 se
814 1530 921 1585 audiret.
958 1530 1030 1589 Quid
1045 1533 1075 1584 est

294 1604 369 1667 enim,
383 1603 449 1674 quod
467 1604 550 1657 minus
568 1605 708 1670 conveniat,
722 1623 797 1675 quom
814 1611 845 1659 ut
861 1606 891 1670 is,
903 1606 948 1676 qui
960 1606 1000 1660 vel
1015 1623 1075 1660 sum·

294 1698 372 1743 mum,
385 1679 425 1733 vel
442 1679 522 1733 solum
539 1679 632 1734 mulum
651 1680 762 1735 dolorem
779 1699 835 1736 esse
852 1681 926 1745 dicut,
941 1680 1007 1735 idem
1026 1699 1075 1735 een·

295 1760 358 1821 seut,
372 1756 450 1821 Quam
465 1758 508 1809 hoc
523 1774 596 1810 suave
609 1761 647 1810 est
654 1760 666 1811 ‚²
683 1761 747 1821 tum,
759 1775 837 1827 quum
849 1757 933 1811 dolore
946 1758 1075 1821 crucietur,

295 1830 421 1885 dicturum
445 1848 500 1885 esse
524 1830 687 1901 sapientem?
733 1832 794 1886 Nou
817 1832 896 1902 igliur
919 1850 952 1886 ex
976 1832 1075 1903 singulis

295 1907 398 1962 vocibus
416 1907 557 1978 philosophi
574 1907 705 1979 spectandi
721 1911 789 1973 sunt,
803 1908 847 1962 sed
863 1925 896 1962 ex
911 1910 1075 1979 perpetuitate

296 1987 372 2052 utque
384 1983 533 2039 constantis.

257 2069 288 2114 32
330 2057 379 2114 XI.
398 2061 429 2115 A.
443 2059 555 2114 Adducis
571 2077 619 2128 me,
630 2063 661 2114 ut
672 2059 720 2114 tibi
735 2060 864 2115 assentiar.
901 2058 952 2113 Sed
963 2061 1010 2114 tue
1022 2077 1075 2130 qno

296 2153 353 2204 que,
377 2135 442 2199 vide,
466 2153 498 2190 ne
522 2135 680 2191 desideretur
707 2136 856 2191 constantia.
903 2134 941 2188 M.
966 2137 1075 2199 Quonam

296 2210 389 2265 modo?
424 2214 457 2265 A.
470 2212 536 2276 Quia
549 2212 600 2283 legi
614 2216 688 2267 tuum
703 2230 784 2283 nuper
795 2213 912 2282 quartum
924 2213 955 2264 ds
966 2212 1075 2265 dinibus

295 2286 329 2339 In
346 2304 376 2340 eo
399 2287 461 2340 mihi
481 2287 605 2352 videbere,
627 2294 715 2342 eontra
736 2288 856 2341 Catonem
878 2286 1012 2352 disserens,
1034 2288 1075 2341 ho<

295 2361 359 2415 velle
376 2361 516 2426 ostendere,
532 2362 599 2431 quod
616 2363 678 2416 mihi
692 2363 791 2432 quidem
810 2362 937 2433 probatur,
954 2362 1022 2417 iuter
1036 2364 1075 2417 Ze

296 2455 386 2491 nonem
395 2441 422 2491 et
430 2437 613 2506 Peripateticos
625 2438 688 2492 nihil
699 2444 791 2508 praeter
798 2439 932 2493 verborum
941 2439 1075 2493 novitatem

295 2514 425 2567 interesse.
462 2512 540 2571 Quod
560 2513 581 2566 si
601 2514 638 2568 its
658 2518 705 2578 est,
723 2514 783 2584 quid
804 2518 843 2569 est
863 2532 953 2578 neusse,
970 2515 1040 2584 quin,
1060 2533 1075 2569 n

296 2588 403 2643 Zenonis
415 2587 505 2642 rationi
520 2593 714 2643 consentaneum
727 2591 768 2655 sit,
780 2590 842 2644 satis
857 2607 974 2659 magnam
988 2591 1039 2645 vim
1055 2592 1075 2645 ir

295 2665 390 2719 virtute
402 2682 457 2719 esse
466 2663 497 2718 ud
509 2663 583 2719 beate
591 2664 732 2729 vivendum,
742 2665 816 2720 liceat
828 2667 893 2721 idem
903 2667 1075 2736 Peripateticis

285 2740 396 2797 dcere?
416 2740 484 2798 Rern
497 2740 563 2797 euim
576 2740 664 2813 opinor
676 2742 785 2812 spectari
795 2746 918 2812 oportere,
931 2761 983 2797 non
995 2744 1073 2799 verbs

228 2817 311 2872 «tuM.
329 2820 367 2877 lh
381 2821 490 2895 quidem
509 2820 613 2881 tabellis
629 2818 776 2892 obsignatis
790 2818 847 2889 ogis
859 2821 1075 2881 mouumentum

253 2891 358 2969 fleant,
380 2904 450 2977 quid
470 2904 592 2965 dixerim
611 2898 766 2977 aliquando,
784 2899 832 2950 uut
852 2889 1006 2959 sumpserim.
1037 2890 1075 2939 Qu
