2634 3367
485 356 553 405 LIB.
567 357 611 404 lv.
629 356 703 405 cAP.
715 358 755 415 ³4,
766 358 805 405 ³5.
995 359 1040 408 149

247 470 324 533 nerto,
338 467 381 538 qui
393 467 456 522 nihil
468 467 534 522 obsit
546 472 591 521 ent
607 484 658 521 non
671 466 779 521 multum
796 466 828 521 ub
840 465 944 534 insanie,
958 468 1039 539 qualis

246 544 273 598 in
284 542 414 599 Leucadia
425 546 480 599 est:

470 673 502 684 -
509 645 532 695 ei
541 616 640 710 quidem
652 647 683 695 eit
694 647 821 709 quisquam
833 646 899 704 deus,

311 719 352 767 oui
363 720 408 782 ego
419 718 466 766 eim
477 733 549 766 eurae.

245 817 282 869 At
294 813 322 869 id
337 816 392 869 eret
408 813 462 868 deis
478 813 595 872 omnibus
611 812 758 879 curandum,
773 812 983 884 quemadmodum
997 812 1038 869 hio
1047 817 1077 868 7³

245 890 375 954 frueretur
386 889 517 960 voluptate
528 889 667 944 amatorie!

383 994 441 1042 Heu
452 1010 491 1042 me
502 991 638 1042 infelicem!

245 1088 322 1145 Nihil
333 1088 425 1145 verius.
461 1088 545 1143 Probe
557 1091 584 1143 et
596 1086 646 1153 ille,

385 1190 537 1239 -Stnuone
548 1207 581 1249 es,
594 1192 635 1252 qui
648 1191 737 1238 temere
748 1190 898 1238 lementtrel

246 1293 290 1426 bg
304 1292 418 1425 {manus
438 1292 540 1349 videtur
563 1292 639 1348 etiem
665 1290 725 1345 ouis.
762 1293 798 1345 At
820 1309 882 1363 quoe
903 1291 1038 1363 tragoedias

245 1390 261 1427 e
288 1388 340 1425 01.

278 1475 322 1533 Te,
332 1473 422 1537 Apollo
433 1480 521 1531 ennete,
530 1474 566 1521 fer
577 1488 655 1537 opem,
666 1478 745 1536 teque,
754 1470 904 1536 omnipotens
916 1473 1039 1537 Neptune,

279 1543 445 1679 vosqiildvi'deoo',
457 1616 529 1664 venti.

245 1709 375 1767 Mundum
387 1712 471 1765 totum
486 1728 513 1765 se
525 1709 557 1765 ed
569 1728 679 1765 umorem
694 1728 767 1765 suum
784 1709 965 1765 sublevandum
977 1727 1037 1765 oon-

245 1805 380 1844 vensurum
391 1790 482 1857 putet:
499 1786 626 1842 Venerem
638 1804 714 1841 unam
726 1785 845 1853 excludit,
858 1790 888 1841 ut
900 1786 1027 1857 iniquam:

382 1889 488 1938 -Nom
500 1892 558 1953 quid
568 1906 612 1952 ego
622 1898 646 1938 te
657 1890 784 1953 appellem,
795 1890 896 1937 Venuol

246 1985 312 2040 Earn
323 2003 375 2055 proe
390 1984 493 2039 libidine
509 1989 586 2056 negat
602 2003 691 2040 curere
703 1983 847 2056 quidquam.
883 1982 966 2041 Quasi
977 1999 1038 2037 vero

245 2061 302 2131 ipse
319 2079 371 2116 non
390 2068 494 2132 propter
511 2061 640 2118 libidinem
660 2064 734 2115 tenta
751 2060 849 2130 flagitia
867 2062 894 2113 et
912 2058 989 2113 faeiat
1010 2062 1037 2114 et

246 2137 323 2193 dieat.

282 2213 390 2268 XXXV.
409 2213 451 2268 Sic
466 2213 545 2285 igitur
557 2214 648 2268 effecto
659 2212 714 2267 heo
726 2210 867 2267 adhibenda
878 2210 976 2266 curatio
987 2212 1035 2277 est,
1046 2215 1078 2268 74

245 2292 277 2343 ut
298 2292 325 2343 et
344 2288 414 2353 illud,
437 2289 505 2360 quod
525 2290 618 2360 cupiet,
640 2288 766 2356 ostendat,
784 2306 859 2360 quam
878 2288 941 2354 leve,
961 2306 1036 2359 quum

246 2364 466 2432 oontemnendum,
480 2383 553 2436 quam
571 2365 634 2420 nihil
650 2366 684 2420 sit
700 2366 809 2433 omnino,
822 2382 897 2436 quam
911 2364 984 2419 iaoile
996 2365 1037 2419 vel

245 2439 355 2508 aliunde,
366 2441 408 2495 vel
420 2441 468 2495 alio
480 2441 555 2495 modo
567 2441 660 2512 perlici,
673 2441 713 2497 vel
725 2441 826 2497 omnino
839 2441 934 2512 negligi
946 2441 1035 2511 possit.

244 2516 419 2572 Abduoendus
443 2522 483 2573 est
507 2518 584 2573 etiam
606 2535 795 2588 nonnumquam
820 2517 851 2572 ad
872 2518 920 2572 alia
943 2516 1035 2582 studio,

244 2592 426 2658 solicitudineo,
447 2612 528 2661 ouras,
546 2594 664 2664 negotia3
688 2594 737 2649 looi
758 2594 866 2664 denique
887 2594 1035 2657 mutatione,

243 2673 374 2739 tamquam
387 2669 476 2740 aegroti
488 2687 539 2723 non
551 2670 761 2735 oonvalesoentes,
773 2688 838 2740 soepe
848 2668 974 2723 curandus
986 2671 1034 2722 est.

243 2745 332 2800 Etiam
349 2762 415 2800 novo
428 2745 529 2815 quidam
547 2762 630 2799 umore
645 2750 757 2800 veterem
775 2762 895 2807 amonem,
906 2748 1081 2810 tumqunmtz's

243 2821 316 2874 elevo
332 2820 437 2885 olerum,
454 2820 612 2893 ejieiundum
628 2826 736 2897 putent.
767 2819 895 2877 biomme
908 2820 1005 2892 eutem
1015 2813 1066 2860 un-

229 2893 381 2963 monendus,
394 2903 512 2968 quantus
526 2902 562 2960 sit
575 2902 654 2960 iunon
669 2901 785 2960 omorio.
813 2890 958 2951 ΜΘΝ
968 2898 1050 2936 mm
1055 2890 1100 2923 ᾖ
