2634 3367
344 344 414 394 LIB.
432 343 462 392 V.
489 342 564 392 CAP.
578 345 599 401 1,
612 345 636 391 2.
841 344 888 393 166

207 454 294 520 virtus,
316 454 431 525 subjecte
449 453 497 510 sub
517 454 600 509 varios
623 453 784 525 incertosque
805 470 886 518 casus,

207 531 313 586 lortunm
329 539 376 595 est,
389 548 436 586 nec
448 534 576 585 tantarum
588 530 680 585 virium
692 534 739 595 est,
753 534 783 584 ut
794 548 822 585 se
833 530 889 600 ipsa

211 629 217 661 :
236 623 376 673 versoque
392 624 444 661 uon
458 610 510 661 tam
526 606 631 662 virtutis
646 607 739 662 fiducia
756 604 889 661 nitendum

207 682 222 736 d
238 700 309 752 spem
327 682 400 737 beato
412 682 519 747 vivendi,
533 700 608 753 qnam
622 688 684 737 vota
694 682 809 737 iacienda
820 680 890 736 vide·

214 757 347 828 Equidem,
362 775 405 813 eos
417 776 498 823 casus,
511 759 538 813 in
550 758 641 829 quibus
653 777 694 814 me
705 759 808 813 fortuna
816 758 911 813 vehet

214 834 336 899 exercuit,
349 851 448 889 mecum
466 834 521 905 ipso
540 834 709 900 considerans,
721 835 781 889 huic
797 834 890 903 incipio

208 912 233 965 {a
253 910 364 964 diffidere
384 910 521 977 interdurn,
535 915 562 965 et
579 911 683 966 humani
699 910 798 981 genens
813 909 890 965 imbe·

208 986 454 1057 miragilitatemque
465 988 638 1042 extimescere.
665 987 891 1051 Vereorenimno

213 1081 292 1134 quum
308 1080 414 1133 corpora
429 1062 501 1118 nobis
521 1063 620 1117 infirma
635 1061 754 1127 dedisset,
766 1062 848 1133 iisque
863 1066 891 1117 et

222 1138 374 1194 insanabiles
390 1145 417 1193 et
433 1138 532 1193 dolores
544 1138 714 1194 intolerabiles
726 1138 890 1208 adjunxisset,

223 1233 324 1286 quoque
348 1214 447 1270 dederit
470 1219 497 1269 et
520 1232 654 1285 corporum
678 1213 806 1268 doloribus
832 1231 892 1269 cou-

210 1309 230 1356 s,
244 1296 270 1346 ot
290 1291 425 1360 separatim
440 1291 493 1346 suis
510 1291 646 1363 angoribus
663 1295 690 1346 et
706 1289 827 1345 molestiis
845 1290 892 1345 im·

210 1408 216 1421 .
252 1366 303 1421 Sed
318 1367 344 1421 in
361 1367 409 1422 boc
424 1386 465 1422 me
477 1368 531 1438 ipse
543 1368 648 1439 castigo,
662 1366 730 1439 quod
741 1384 773 1421 sx
785 1366 917 1421 aliorum*

208 1447 286 1499 rostra
302 1444 409 1499 fortasse
427 1444 539 1510 mollitia,
557 1462 609 1500 uon
627 1463 659 1500 ex
679 1444 735 1516 ipse
750 1444 846 1500 virtute
860 1442 892 1499 de

226 1520 317 1575 robore
335 1521 461 1576 existimo.
498 1521 546 1576 Illa
564 1520 638 1589 enirn,
650 1520 673 1575 si
692 1519 767 1576 modo
784 1524 824 1575 est
841 1519 893 1575 ulle

216 1597 304 1667 (quam
332 1596 515 1652 dubitationem
539 1597 678 1653 avunculus
706 1601 776 1663 tuus,
801 1598 891 1661 Brute,

217 1672 237 1740 3)
269 1672 361 1737 omnia,
385 1691 441 1743 quae
464 1673 553 1729 cadere
576 1674 605 1728 in
627 1673 754 1729 bominem
778 1675 893 1743 possunt,

215 1766 243 1803 so
266 1748 362 1803 habet:
389 1767 468 1820 eaque
492 1750 632 1820 despiciens
656 1767 730 1805 casus
753 1748 893 1804 contemnit

208 1843 243 1880 rs:
263 1825 385 1896 culpaque
402 1827 469 1881 omni
485 1844 581 1891 carens,
594 1830 687 1896 praetcr
700 1843 727 1880 se
740 1824 819 1895 ipsam
831 1822 894 1878 nihil

208 1900 235 1955 sd
247 1919 275 1955 se
288 1903 422 1971 pertinens.
458 1902 515 1957 Nos
527 1907 614 1956 sutem
625 1900 710 1956 omnia
721 1901 894 1955 adversatum

208 1977 231 2032 ia
243 1982 312 2032 metu
325 1984 456 2048 augentes,
468 1983 522 2033 tum
536 1994 640 2032 merore
655 1976 797 2047 prasentia,
809 1993 895 2031 rarum

208 2072 228 2117 o,
241 2072 316 2124 quam
326 2072 436 2109 errorem
448 2058 563 2108 nostrum
576 2052 695 2107 damnare
706 2053 838 2106 malumus.

208 2129 248 2184 ted
259 2135 286 2185 et
298 2130 375 2200 hujus
387 2130 467 2200 culpae
479 2136 506 2185 et
518 2134 660 2185 ceterorum
672 2128 791 2183 vitiorum
805 2143 918 2198 pecca-5

209 2224 238 2261 us
256 2212 401 2263 nostrorum
420 2207 501 2261 omnis
519 2224 535 2260 c
550 2205 709 2276 philosophia
720 2203 829 2275 petenda
840 2220 896 2259 cor·

210 2288 243 2338 st.
279 2283 359 2353 Cujus
376 2284 404 2338 in
421 2284 504 2338 sinum
521 2302 598 2354 quum
612 2301 627 2336 a
639 2283 726 2353 primis
738 2281 895 2353 temporibus

209 2364 291 2414 nostra
304 2359 421 2413 voluntas
439 2358 602 2431 studiumque
614 2377 661 2413 nos
673 2358 843 2429 compulisset,
855 2358 896 2412 bis

209 2436 260 2490 unis
276 2436 376 2490 casibus
392 2436 419 2489 in
435 2436 551 2490 eumdem
566 2443 676 2505 portum,
689 2453 722 2490 ex
734 2452 784 2507 quo
796 2452 896 2490 eramus

222 2529 314 2581 magua
327 2512 417 2580 jactati
429 2515 581 2581 tempestate
596 2512 764 2582 confugimus.
799 2510 896 2566 Ovico

209 2586 264 2655 pbia
281 2586 368 2654 dux,o
384 2587 487 2641 virtutis
505 2588 656 2658 indagatrix,
670 2587 847 2657 expultrixque
858 2586 895 2641 vi·

209 2662 215 2717 l
235 2662 297 2732 quid
308 2681 359 2717 non
371 2662 447 2717 modo
458 2681 514 2727 nos,
525 2663 571 2717 sed
582 2664 685 2717 omnino
698 2664 751 2718 vita
766 2661 897 2716 hominurn

220 2756 277 2793 esse
294 2739 435 2809 potuisset!
472 2739 512 2793 Tu
524 2739 601 2794 urbes
613 2739 766 2811 perpecisti:
782 2742 817 2790 tu
824 2736 901 2788 dissi-

209 2814 314 2870 romines
335 2815 363 2871 in
383 2814 539 2873 societatem
552 2816 619 2874 uitus
633 2810 792 2872 consociasti
798 2831 811 2860 ·.
823 2811 865 2857 &u
878 2818 931 2852 ωδ

224 2891 308 2951 orimo
324 2893 478 2968 domiciliis,
490 2896 593 2956 deinde
613 2887 846 2965 mmmmm
851 2876 955 2927 ww
