2634 3367
269 335 315 380 140
403 331 598 379 TUSCULAN.
616 330 916 380 DISPUTATIONUM

269 441 378 512 peratori
391 446 435 495 aut
447 440 541 494 oratori
553 446 648 511 quierat
660 440 762 511 aliquid,
774 459 858 511 neque
870 459 915 496 eos
929 439 1035 496 existima

230 516 843 587 ilainercbiequidquamfortiteriacerepoasel
862 517 951 577 Quid?
973 517 1035 572 Stoi(

269 594 312 664 qui
330 611 416 646 omnes
437 593 583 661 insipientes
600 594 702 647 insanos
719 611 775 647 esse
792 592 890 661 mount,
908 611 994 649 nonne
1010 594 1035 648 ist

269 670 410 740 colligunt?
442 671 552 724 Remove
565 671 776 739 perturbationes,
787 672 949 742 maximeque
961 672 1035 727 iracm

269 747 351 801 diam:
372 750 426 815 jam
444 747 597 802 videbuntur
614 755 727 802 monstra
747 748 838 803 dicere.
875 748 955 804 Nunc
975 753 1035 804 ante

269 823 307 877 ita
324 822 458 887 disserunt,
472 824 509 877 sic
526 842 554 877 se
572 823 662 888 dicere,
681 842 768 878 omnes
785 824 880 879 stultos
898 825 1036 892 insaniret

270 900 334 952 niaie
346 898 413 953 olere
425 917 498 953 omne
510 917 616 953 coenum.
650 901 686 953 At
697 917 748 954 non
760 917 869 969 semper.
905 900 1036 957 Commcm

269 975 371 1029 senties.
408 976 450 1029 Sic
461 975 595 1030 iracundus
607 993 658 1029 nou
671 993 770 1044 semper
781 976 861 1030 iratus
873 981 929 1031 cst:
948 976 1036 1032 nossa

266 1055 320 1121 jam
333 1050 429 1106 videbis
441 1052 574 1105 furentem.
612 1050 701 1108 Quid?
722 1051 773 1105 ista
788 1050 906 1106 bellatrix
921 1051 1036 1109 hacundi

271 1147 347 1198 quum
358 1128 458 1183 domum
469 1127 550 1191 rediit,
561 1126 641 1197 qualis
650 1131 691 1180 est
700 1145 757 1181 cum
766 1129 864 1182 uxorei
883 1146 942 1183 cum
954 1129 1036 1186 libaria

271 1223 328 1259 cum
341 1206 453 1259 familia?
486 1207 527 1259 An
545 1211 598 1257 tum
618 1222 718 1274 quoque
736 1207 776 1258 est
793 1203 883 1260 utilis?
919 1205 971 1260 Est
982 1206 1036 1278 igitr

272 1282 373 1353 aliquid,
395 1281 463 1353 quod
485 1280 632 1352 perturbata
655 1298 725 1335 mens
749 1280 839 1335 melius
863 1282 945 1351 possit
969 1282 1036 1338 sacen

272 1377 346 1428 quam
359 1360 496 1413 constans?
520 1357 702 1428 Anquisquam
712 1361 797 1426 potest
805 1357 860 1412 sina
869 1358 1036 1428 perturbatior

272 1433 364 1488 mentis
376 1434 468 1487 irasci?
504 1434 574 1487 Bene
586 1434 666 1503 igitur
680 1433 769 1498 nostri,
782 1452 860 1504 quum
877 1434 965 1489 omnia
976 1454 1036 1492 essen

271 1508 298 1561 in
315 1508 426 1562 moribus
444 1509 512 1573 vitiu,
532 1509 600 1578 quod
618 1509 715 1563 nullum
736 1513 791 1564 erat
810 1509 941 1566 iracundia
962 1511 1036 1568 ioedin

271 1582 404 1637 iracundos
416 1584 482 1644 solos
494 1602 606 1639 morosos
618 1586 820 1641 nominaverunt.

234 1671 264 1715 tn
307 1659 391 1713 XXV.
411 1661 542 1714 Oratorem
555 1678 614 1714 vero
627 1662 701 1717 irasci
716 1662 818 1717 minime
834 1661 923 1718 decet:
942 1661 1036 1720 simula

272 1753 323 1790 non
341 1735 452 1790 dedecet.
488 1737 529 1789 An
547 1736 594 1790 tibi
609 1737 684 1793 irasci
701 1742 756 1792 tum
773 1738 894 1805 videmur,
907 1759 986 1810 quum
1003 1760 1036 1813 qu

272 1812 299 1866 in
315 1812 397 1867 causis
412 1810 494 1866 acrius
510 1816 536 1866 et
549 1813 722 1867 vehementius
739 1814 865 1869 dicimus?
884 1816 965 1885 quid?
985 1837 1037 1889 qnu

271 1889 323 1958 jam
339 1889 414 1943 rebus
429 1889 564 1943 transactis
581 1892 608 1944 et
624 1890 760 1960 praeteritis
775 1891 901 1945 orationes
920 1893 1036 1949 scribimu

273 1984 334 2020 num
346 1966 404 2021 irati
416 1965 567 2020 scribimus?

371 2084 464 2146 Ecquis
474 2084 519 2131 hoc
531 2082 716 2130 animadvertit?
750 2080 859 2128 Vincitel

273 2201 333 2238 num
347 2186 391 2237 ant
403 2184 485 2253 egisse
496 2200 615 2253 umquam
628 2182 721 2235 iratum
730 2182 861 2252 AEscpum,
875 2185 920 2235 aut
933 2184 1036 2253 scripsis

275 2259 447 2312 existimamus
464 2260 557 2312 iratum
570 2259 695 2313 Accium?
732 2260 851 2327 Aguntur
868 2259 917 2312 ista
930 2262 1036 2328 praclar

275 2338 301 2386 ct
318 2333 350 2386 ab
366 2338 465 2386 oratore
477 2334 578 2403 quidem
590 2334 687 2393 melius.
701 2334 723 2388 si
739 2334 812 2388 modo
825 2339 864 2388 est
881 2340 974 2400 orator,
990 2356 1037 2407 qua

275 2407 307 2462 ab
326 2407 376 2461 ullo
395 2407 531 2462 histrione:
551 2408 595 2463 sed
613 2415 724 2478 aguntur
741 2410 832 2464 leniter
847 2414 873 2463 et
892 2416 977 2465 mente
997 2421 1037 2467 tra

276 2484 359 2553 quilla
401 2482 543 2537 Libidinem
567 2501 627 2538 vero
650 2484 752 2539 laudare
775 2490 848 2555 cujus
872 2491 912 2539 est
936 2486 1036 2543 libidini

275 2559 468 2615 Themistoclem
487 2559 548 2612 mihi
564 2568 590 2613 et
603 2560 800 2615 Demosthenem
818 2562 952 2631 profertis:
972 2563 1037 2618 addit

276 2637 453 2707 Pythagoram,
464 2636 645 2701 Democritum,
657 2638 796 2691 Platonem.
820 2637 909 2696 Quid?
926 2656 971 2692 vos
981 2640 1037 2693 stuc¹

276 2715 402 2770 libidinem
421 2713 536 2767 vocatis?
560 2732 623 2783 quie,
643 2713 684 2768 vel
704 2715 854 2782 optimarum
873 2733 965 2779 rerum,
985 2720 1017 2770 ut

273 2796 342 2857 aunt,
366 2809 422 2863 qum
442 2790 568 2861 profertis,
587 2790 674 2845 sedata
694 2794 780 2843 tamen
799 2795 826 2843 et
851 2792 987 2860 tranquilla
1010 2810 1037 2846 es

259 2867 367 2929 debent.
407 2870 468 2928 alam
482 2868 667 2945 egritudinem
680 2864 797 2929 laudare,
805 2880 952 2916 unamrem
962 2868 1037 2917 mnas
