2634 3367
276 341 321 389 116
415 334 925 386 TUSCULAN.DlSPUTAT10NUM

273 467 354 504 unum
365 452 405 503 est
416 448 529 503 omnium
540 447 684 513 maximum,
697 452 734 513 ut,
748 466 778 503 eo
790 446 897 512 sublato,
910 446 1065 519 reliquorum

273 524 385 579 remedia
396 542 428 578 ne
440 542 532 594 magno
543 541 619 593 opere
631 524 766 594 quaerenda
777 523 966 579 arbitraremur.

309 600 436 654 XXXIV:
456 600 522 654 Sunt
533 599 601 653 enirn
613 604 690 665 certa,
704 618 760 671 qua.
772 600 803 655 dc
815 602 973 670 paupertate,
987 604 1064 664 certa,

274 695 330 746 quae
342 676 374 730 de
386 675 439 729 rita
454 676 603 730 inhonorata
618 680 645 730 et
656 676 764 747 ingloria
780 675 830 730 dici
845 676 952 730 soleant.
989 676 1065 745 Sepa-

274 752 350 806 ratim
365 755 441 806 certm
457 751 549 807 scholae
566 756 627 807 sunt
643 752 675 807 de
686 752 782 816 exsilio,
795 751 827 806 de
844 751 950 806 interitu
966 753 1064 821 patriae,

274 827 306 883 de
323 828 454 894 servitute,
466 827 498 883 da
514 829 651 894 debilitate,
668 828 699 883 de
717 829 839 893 coeoitnte,
851 827 883 882 da
900 828 969 882 omni
987 846 1063 883 casu:

274 904 301 959 in
320 922 370 974 quo
387 922 480 958 nomen
496 904 557 975 poni
574 906 639 960 solet
656 904 814 959 calamitatis.
850 904 915 959 Huc
934 904 1016 959 Graeci
1037 905 1065 959 in

274 980 386 1051 singulas
398 980 496 1035 scholas
508 986 535 1035 et
546 981 573 1036 in
584 980 697 1052 singulos
709 979 786 1035 libros
798 979 959 1050 dispertiunt.
990 980 1064 1051 Opus

274 1057 341 1111 enim
358 1060 488 1127 quaerunt:
514 1075 666 1127 quamquam
683 1056 763 1126 plena
781 1056 966 1126 disputationes
983 1055 1064 1111 delac-

234 1139 266 1185 82
274 1133 377 1188 tationis
389 1139 457 1188 sunt.
482 1134 518 1188 Et
526 1138 619 1200 minen,
627 1137 658 1187 ut
670 1132 760 1187 medici
771 1135 827 1187 toto
836 1149 941 1202 corpore
949 1133 1064 1188 curando

273 1210 381 1266 minimae
393 1210 470 1265 etiam
485 1210 560 1280 parti,
573 1210 595 1264 si
611 1208 748 1273 condoluit,
761 1207 909 1263 medentur:
928 1208 965 1263 sio
981 1208 1065 1279 plrilo-

273 1287 369 1358 sophia,
385 1305 464 1358 quum
481 1286 623 1340 universam
642 1283 818 1356 aegritudinem
836 1283 948 1349 sustulit,
966 1288 1062 1350 tamem

273 1363 364 1433 siquis
379 1380 450 1417 error
461 1362 561 1417 aliunde
573 1361 682 1425 exstitit,
694 1360 717 1415 si
732 1362 868 1430 paupertas
883 1359 1026 1426 momordit,
1040 1361 1064 1417 si

272 1438 409 1508 ignominia
420 1438 536 1508 pupugit,
546 1438 569 1491 si
580 1436 642 1507 quid
650 1436 811 1492 tenebrarum
822 1435 922 1491 obfudit
933 1436 1061 1503 exsilium,

272 1518 318 1568 ant
333 1532 427 1580 eorum,
439 1532 496 1583 quaa
512 1512 587 1566 modo
599 1512 659 1577 dixi,
672 1513 695 1567 si
706 1512 768 1583 quid
779 1513 894 1567 exstitit:
912 1513 952 1583 [et
963 1512 999 1583 si]
1011 1514 1063 1568 sin·

262 1589 388 1659 ,galerum
404 1606 489 1643 rerum
506 1592 566 1643 sunt
584 1588 692 1658 propria
707 1588 905 1653 oousolaticnas;
923 1587 1062 1659 dequibus

272 1665 358 1720 audies
374 1669 404 1719 tu
417 1664 524 1735 quidem,
538 1682 616 1734 quum
628 1664 712 1719 voles:
731 1664 776 1719 sed
792 1664 824 1718 ad
835 1663 950 1719 eumdem
962 1664 1062 1721 fontem

272 1741 447 1795 revertendum
464 1745 511 1804 est,
525 1740 701 1811 aegritudinem
718 1758 817 1795 omnem
835 1740 923 1811 procul
941 1740 1029 1796 abesse
1046 1760 1062 1797 a

271 1817 391 1886 sapiente,
405 1816 472 1886 quod
483 1817 564 1871 inanis
576 1816 617 1882 sit,
630 1815 700 1886 quod
712 1816 807 1870 frustra
818 1815 978 1886 suscipiatur,
991 1818 1061 1888 quod

270 1911 322 1948 non
341 1900 432 1948 natura
455 1894 589 1958 exoriatur,
611 1893 656 1948 sed
673 1892 777 1962 judicio,
800 1891 845 1946 sed
868 1892 991 1962 opinione,
1014 1894 1062 1949 sed

270 1970 377 2041 quadam
388 1970 537 2025 invitatione
549 1968 581 2023 ad
592 1968 734 2035 dolendum,
746 1986 824 2039 quum
835 1967 862 2021 id
874 1967 1061 2025 decreverimus

230 2052 261 2097 83
270 2045 307 2100 ita
317 2048 371 2102 fieri
383 2050 506 2117 oportere.
538 2047 596 2100 Hoc
608 2045 730 2108 detracto,
745 2043 812 2115 qnod
824 2047 907 2098 totum
919 2048 959 2098 eat
971 2046 1060 2100 volun-

269 2123 370 2189 tarium,
381 2122 506 2193 agritudo
524 2122 573 2177 erit
590 2121 691 2176 sublata
706 2120 749 2175 illa
766 2138 886 2175 maerens:
905 2138 1005 2175 morsus
1020 2126 1061 2176 ta-

270 2216 328 2252 men
351 2202 378 2253 et
404 2198 622 2253 contractiuncula
647 2196 761 2266 quaedam
786 2196 863 2251 ammi
890 2196 1060 2265 relinquetur.

269 2274 345 2328 Hanc
362 2273 447 2328 dicant
465 2292 526 2328 sane
542 2272 691 2339 naturalem,
707 2272 766 2327 dum
787 2272 945 2343 aegritudinis
965 2290 1059 2328 nomen

269 2348 342 2412 absit,
362 2367 445 2416 grave,
467 2353 577 2413 taetrum,
597 2348 742 2403 funestum:
767 2348 834 2419 quod
855 2366 913 2404 cum
933 2349 1059 2419 sapientia

269 2442 324 2479 esse
342 2430 425 2494 atque,
443 2429 473 2479 ut
491 2425 528 2478 ita
544 2424 634 2485 dimm,
651 2424 765 2479 habitare
782 2424 852 2479 nullo
871 2422 946 2478 modo
966 2427 1056 2494 possit.

268 2502 305 2554 dt
321 2519 377 2569 quaa
398 2501 490 2570 stirpes
511 2503 572 2554 sunt
589 2499 754 2570 agritudinis,
774 2518 848 2572 quam
866 2500 960 2563 multa,
979 2518 1057 2569 quam

268 2577 372 2631 amarae!
416 2577 485 2641 Qus,
510 2576 565 2646 ipso
588 2578 680 2629 trunco
704 2593 799 2640 everso,
822 2594 909 2630 omnes
933 2574 1057 2631 elidendae

267 2661 335 2717 sunt,
348 2657 383 2717 et,
400 2653 422 2707 si
439 2671 542 2707 necesse
557 2652 613 2719 erit,
625 2652 732 2722 singulis
750 2651 969 2721 disputationibus.
1007 2655 1057 2707 Su·

265 2732 352 2796 pereat
364 2729 430 2783 enim
441 2727 514 2783 nobis
526 2730 582 2796 hoc,
591 2726 743 2782 cuicuimodi
754 2732 801 2793 est,
815 2728 903 2781 otium
927 2726 978 2780 Sed
988 2728 1056 2782 ratio

254 2820 307 2856 nna
318 2806 434 2862 omnium
451 2815 494 2863 est
509 2805 701 2883 aegritudinum,
711 2805 786 2877 plura
800 2804 909 2858 nomina.
945 2804 1011 2856 Nam
1029 2807 1056 2857 et

233 2874 358 2937 raudera
377 2886 552 2959 suffitudinis
570 2890 621 2957 est,
639 2889 669 2944 et
685 2880 814 2946 aemulari,
829 2884 857 2933 et
873 2877 1053 2938 attrectamus·
