2634 3367
500 330 569 378 LIB.
582 331 603 378 1.
620 331 694 379 CAP.
706 332 746 387 47,
759 333 797 379 48.
1015 332 1046 379 40

243 438 332 509 Argiue
355 436 495 492 sacerdotis
520 436 623 492 Cleobis
646 440 674 492 et
697 437 776 492 Biton
796 436 841 492 fllii
861 436 1036 508 predicantur.

243 516 317 569 Nota
340 513 427 569 subula
449 517 497 567 est.
533 513 619 572 Quum
641 513 708 567 euim
730 512 796 567 illnm
821 512 852 567 ad
873 512 993 568 sollemne
1011 515 1037 566 et

243 596 342 645 statum
360 589 510 644 sucrificium
528 606 605 643 curru
622 588 682 643 vehi
695 592 740 658 jus
758 593 826 644 esset
838 590 901 644 setis
918 588 993 660 louge
1006 587 1038 643 sb

242 666 337 738 oppido
349 665 382 720 nd
392 665 489 729 fanum,
499 668 708 736 morarenturque
717 664 846 735 jumenta:
857 669 921 720 tuno
928 669 1037 734 juvenes

241 743 268 809 ii,
287 761 351 813 quos
367 741 442 796 modo
457 741 593 806 nominavi,
606 745 678 796 veste
694 742 784 812 posits,
797 759 903 812 corpore
913 741 969 796 oleo
981 760 1035 811 per·

241 821 380 883 unxerunt,
392 816 424 871 nd
434 817 526 887 jugum
538 822 709 872 secesserunt.
746 818 790 872 Ita
801 817 919 873 sacerdos
932 817 1037 873 advecta

241 895 270 950 in
287 896 382 959 fanum,
401 912 480 964 quum
497 911 587 948 currus
604 900 672 949 esset
690 893 782 949 ductus
800 912 816 949 n
832 894 897 961 filiis,
909 897 1038 965 precatus

242 971 291 1025 des
307 970 409 1034 dicitur,
427 974 458 1024 nt
477 969 527 1024 illis
545 970 676 1040 premium
695 969 768 1024 daret
785 988 832 1041 pro
849 970 952 1041 pietate,
968 968 1037 1039 quod

241 1046 381 1101 maximum
392 1045 489 1100 homini
501 1044 558 1099 duri
574 1051 662 1115 posset
674 1063 690 1100 n
701 1045 764 1101 deo:
781 1050 840 1116 post
852 1046 967 1117 epulatos
979 1063 1037 1101 cum

241 1126 326 1178 mette
342 1121 515 1191 adolescentes
533 1139 623 1176 somno
644 1140 673 1177 se
694 1121 810 1177 dedisse:
829 1140 903 1177 mane
920 1122 1037 1176 inventos

242 1216 300 1253 esse
310 1201 434 1252 mortuos.
464 1197 552 1264 ,Simili
563 1200 709 1268 precatione
720 1198 879 1267 Trophonius
891 1203 918 1253 et
929 1199 1036 1269 Agame·
1047 1209 1094 1257 114

242 1273 289 1329 des
300 1273 342 1328 nsi
353 1273 474 1328 dicuntur
485 1293 491 1329 ε
510 1274 562 1344 qui,
574 1293 653 1344 quum
667 1274 780 1345 Apollini
791 1273 898 1344 Delphis
914 1274 1037 1345 templum

243 1349 478 1415 exedificavissent,
492 1356 641 1406 venerantes
653 1351 737 1415 deum,
749 1350 878 1421 petierunt
896 1350 1037 1407 mercedem

242 1444 296 1480 uon
307 1444 411 1496 parvam
422 1426 524 1497 quidem
535 1426 619 1497 operis
630 1431 657 1482 et
669 1427 761 1483 laboris
774 1427 820 1497 sui,
833 1426 896 1482 nihil
907 1428 978 1492 certi,
991 1428 1037 1483 sed

242 1501 313 1572 quod
336 1509 405 1556 esset
427 1503 552 1572 optimum
576 1503 679 1558 homini
715 1503 818 1563 Quibus
842 1503 934 1575 Apollo
958 1522 986 1559 se
1009 1504 1037 1560 id

242 1578 363 1631 daturum
380 1578 492 1633 ostendit
508 1581 567 1648 post
582 1579 637 1650 ejus
655 1579 706 1635 diei
720 1579 786 1635 diem
802 1580 922 1635 tertium:
945 1580 989 1651 qui
1006 1585 1036 1635 nt

241 1652 335 1718 illuxit,
353 1654 449 1708 mortui
465 1659 527 1709 sunt
545 1655 647 1725 reperti
682 1656 700 1709 J
702 1655 840 1711 udicnvisse
852 1656 926 1711 deum
939 1656 1035 1723 dicunt,

241 1731 269 1784 et
287 1747 349 1783 cum
366 1728 467 1798 quidem
485 1730 568 1798 deum,
586 1731 628 1786 cui
645 1730 736 1803 reliqui
748 1731 783 1787 dii
800 1732 992 1797 concessissent,
1005 1736 1035 1786 ut

241 1809 336 1876 praeter
348 1811 445 1861 ceteros
458 1806 590 1862 divinaret.

276 1882 407 1936 XLVIII.
427 1882 542 1938 Affertur
553 1883 631 1938 etiam
647 1883 679 1938 de
692 1884 778 1939 Sileno
795 1884 887 1941 fabella
904 1884 1034 1955 quaedam:

241 1957 286 2029 qui
299 1977 378 2029 quum
390 1976 406 2012 u
416 1958 490 2013 Midn
505 1964 595 2030 captus
607 1963 683 2024 esset,
697 1960 746 2015 hoc
764 1960 788 2015 ei
804 1961 915 2016 muneris
927 1978 973 2030 pro
989 1979 1036 2016 sun

240 2034 362 2089 missione
380 2033 479 2089 dedisse
497 2034 633 2101 scribitur3
651 2035 768 2091 docuisse
786 2054 880 2107 regem,
897 2053 949 2089 non
965 2037 1036 2092 nesci

239 2109 338 2164 homini
355 2109 432 2181 longe
448 2112 573 2181 optimum
590 2129 646 2165 esse
655 2133 664 2176 ;
688 2112 829 2181 proximum
847 2117 940 2178 autem,
960 2131 1034 2183 quarn

238 2186 350 2255 primum
368 2185 440 2240 mori.
477 2188 533 2252 Qua
550 2190 590 2242 est
608 2187 735 2242 sententie
752 2187 780 2241 in
797 2187 955 2258 Cresphonte
972 2207 1034 2246 usus
1046 2204 1090 2250 116

238 2260 394 2332 Euripides:

338 2362 363 2410 N
365 2378 404 2410 am
415 2362 461 2412 uos
472 2365 578 2419 decebat.
590 2373 669 2414 costus
682 2368 833 2427 celebrantis,
846 2368 945 2419 domum

336 2432 427 2494 lugere,
439 2436 481 2482 ubi
493 2442 555 2483 esset
565 2436 652 2499 dliquis
664 2438 689 2485 iu
700 2438 779 2487 lucem
792 2439 878 2498 editus,

337 2503 450 2551 humdnae
462 2506 522 2553 vitae
530 2506 595 2553 verra
605 2512 738 2569 reputantts
750 2509 830 2557 mals:

337 2580 369 2630 st,
382 2574 423 2636 qui
435 2575 530 2623 labores
541 2574 619 2624 morte
630 2578 722 2625 finisset
733 2580 822 2641 gravis,

335 2644 402 2691 hunc
414 2643 481 2693 dmui
490 2648 581 2695 amicos
593 2644 665 2695 larido
677 2655 701 2695 et
711 2650 797 2697 laetitia
807 2650 913 2711 exsequi·

237 2726 328 2782 Simile
341 2724 458 2796 quiddam
472 2731 512 2782 est
524 2728 550 2783 iu
560 2728 732 2785 consolatione
741 2730 884 2786 Grsntoris.
910 2730 956 2781 liu,
963 2729 1050 2786 emm„

234 2796 381 2853 Terinaeum
391 2795 522 2861 quemdam
530 2797 652 2867 Elisium,
665 2819 751 2875 quum
764 2793 1073 2873 gmnmrmumnm

226 2872 353 2941 wi
374 2872 477 2935 misse
494 2876 524 2935 iu
542 2878 809 2957 Psyohomnntium,
826 2868 1016 2948 querentnm,
1029 2863 1102 2916 ψ’,

645 2986 668 3021 ι
