2634 3367
273 356 319 402 146
411 345 928 401 TUSCULAN.DISPUTAT10NUM

271 448 418 525 tolerabilia,
432 460 468 514 sio
483 459 510 512 in
521 457 594 512 bonis
607 456 733 511 sedatiora
744 461 807 511 snnt
818 456 953 512 efficienda
963 474 1002 524 ea,
1015 475 1064 529 que

271 555 363 607 magna
380 541 407 590 et
424 533 542 589 letabilia
553 533 680 588 dicuntur.
716 534 803 604 Atque
820 533 870 588 hoo
882 532 989 604 quidem
1006 552 1065 590 oon·

271 633 347 669 mune
359 612 481 667 malornm
494 615 521 665 et
532 611 672 665 bonorum:
691 613 729 677 ut,
740 610 764 665 si
775 613 832 679 jam
843 609 946 666 diffinite
964 612 1000 667 sit
1016 630 1065 682 per·

271 689 384 753 suadere,
403 688 465 741 nihil
486 705 573 742 earnm
590 705 683 753 rerum,
701 703 759 756 que
776 686 931 757 perturbent
950 688 1066 753 animun,

271 766 355 820 autin
366 766 439 820 bonis
451 769 496 819 aut
508 766 535 819 in
547 764 619 819 maiis
635 782 692 819 esse
707 763 859 829 habendum,
872 768 964 819 tamen
979 765 1029 820 alia
1039 763 1067 819 ad

272 842 349 896 alium
372 846 470 896 motum
493 842 591 896 curatio
614 841 649 894 sit
673 840 822 906 adhibenda,
846 840 949 912 aliaque
973 842 1067 896 ratione
1107 853 1111 904 !

271 918 417 982 malevolus,
428 917 478 971 alia
493 921 597 984 amator,
613 916 663 971 alia
680 934 769 971 rursus
785 916 885 982 anxius,
899 917 950 971 alia
965 917 1066 972 timidus

234 994 443 1065 otoorrigendus
478 995 564 1064 Atque
590 996 645 1047 erat
670 992 750 1058 iaoile,
775 998 928 1063 sequentem
950 1012 1011 1050 oum
1031 1011 1067 1049 ra·

272 1073 375 1137 tionem,
389 1090 444 1143 quae
456 1071 564 1125 manime
575 1069 698 1140 probatur
710 1069 742 1124 de
754 1069 829 1125 bonis
841 1074 868 1125 et
882 1070 967 1139 malis,
978 1088 1067 1143 negare

273 1166 393 1220 nmquam
410 1148 498 1203 letitia
510 1146 573 1201 affici
585 1163 659 1216 posse
673 1146 843 1215 insipientem,
855 1147 924 1218 quod
935 1148 1003 1204 nihil
1017 1165 1066 1202 nm·

275 1244 349 1296 quarn
361 1225 466 1279 haberet
478 1222 545 1278 boni.
570 1222 621 1277 Sed
631 1222 759 1293 loquimur
770 1240 839 1277 nuno
851 1241 923 1278 more
934 1222 1065 1279 oomrnnni

276 1303 333 1357 Sint
354 1319 414 1356 sane
431 1302 482 1355 ista
505 1299 578 1363 bona,
597 1316 654 1369 que
677 1301 809 1368 putantur,
827 1298 946 1364 honores,
966 1299 1063 1364 divitia.

275 1378 426 1447 voluptates,
444 1379 543 1430 cetera:
568 1379 654 1428 tamen
677 1374 764 1429 ineis
787 1374 850 1445 ipsis
873 1375 1008 1446 potiundis
1027 1393 1065 1431 ex·

276 1452 373 1506 sultans
393 1451 555 1521 gestiensque
578 1450 667 1505 letitie
689 1451 772 1521 turpis
795 1455 853 1505 est:
879 1455 918 1518 nt,
940 1452 965 1507 si
989 1452 1064 1507 ridere

276 1545 424 1582 eonoessnm
438 1526 481 1590 sit,
494 1526 653 1594 vituperetur
665 1532 753 1581 tamen
766 1526 935 1583 osohinnntio.
974 1527 1065 1584 Eodem

277 1603 344 1657 enim
362 1602 424 1656 vitio
445 1608 485 1655 est
503 1600 593 1655 effusio
610 1603 687 1657 animi
704 1602 731 1657 in
750 1602 847 1668 letitia,
867 1622 918 1675 quo
937 1603 968 1659 in
985 1604 1065 1660 dolore

277 1678 432 1734 eontraotio:
457 1676 594 1747 eademque
613 1678 718 1733 levitate
738 1678 864 1749 cupiditas
884 1683 926 1735 est
946 1681 975 1735 in
996 1696 1066 1752 appo-

277 1754 426 1825 tendoque
441 1753 530 1808 laetitia
543 1753 571 1807 in
587 1753 713 1809 fruendo:
731 1766 765 1819 et,
777 1759 809 1809 nt
824 1755 900 1810 nimis
915 1756 1004 1813 afflicti
1019 1772 1065 1811 mo

277 1832 358 1897 lestis,
371 1832 408 1886 sio
423 1830 498 1885 nimis
514 1830 575 1885 elati
586 1829 676 1885 letitia
688 1834 747 1900 jure
758 1830 908 1902 judicantur
921 1832 1002 1889 leves.
1035 1832 1066 1886 ut

279 1928 357 1981 quum
380 1906 492 1963 invidere
515 1906 673 1978 egritudinis
697 1909 746 1974 sit3
776 1908 848 1963 nelis
872 1912 960 1963 autem
985 1908 1067 1964 alienis

278 1986 433 2057 voluptatem
455 2002 552 2055 capere,
570 1983 680 2038 laetitiae:
704 1987 849 2054 utrumque,
867 1984 1029 2041 immanitate
1044 1986 1068 2039 et

278 2063 380 2117 feritate
392 2061 499 2133 quadam
515 2058 684 2130 proponenda,
697 2060 816 2130 oastigari
831 2059 904 2114 solet.
941 2063 1031 2133 Atque
1041 2063 1068 2115 nt

278 2138 403 2193 oonfidere
420 2138 501 2201 deoet,
520 2136 609 2191 timere
626 2153 679 2190 non
696 2135 784 2190 deest:
804 2136 841 2191 sio
858 2135 971 2207 gaudere
989 2138 1067 2201 deoet,

278 2213 359 2268 lretari
378 2231 430 2267 non
453 2213 542 2267 deoet:
567 2212 686 2281 quoniam
709 2210 815 2267 docendi
838 2229 916 2266 eausa
938 2231 954 2267 a
978 2213 1069 2285 gaudio

240 2287 392 2346 orlaetniam
408 2288 596 2357 distinguimus.
634 2287 702 2342 Illud
716 2288 769 2358 jann
786 2306 864 2359 supra
877 2288 998 2355 diximus,
1014 2308 1070 2346 oon·

278 2365 428 2417 tractionem
445 2364 521 2417 animi
536 2368 606 2418 reete
617 2363 673 2417 fieri
688 2382 824 2435 numquam
841 2382 923 2434 posse,
936 2364 1071 2422 elationem

279 2457 368 2511 posse:
386 2437 459 2492 aliter
471 2438 539 2493 enim
551 2439 689 2495 Noevianns
702 2440 745 2496 ille
756 2439 852 2511 gaudet
864 2441 972 2510 Heotor,

312 2548 398 2595 Laetus
409 2562 471 2602 sum,
482 2546 575 2596 lsudtri
585 2564 625 2596 me
636 2550 679 2597 abs
690 2556 721 2608 te,
734 2554 807 2613 piter,
818 2566 833 2598 a
843 2550 942 2598 laudati>
953 2551 1022 2601 viro:

280 2642 353 2698 aliter
364 2641 406 2697 ille
418 2640 487 2712 apud
498 2640 628 2711 Trabeam,

310 2746 397 2802 Laena,
409 2741 513 2793 delenita
522 2751 628 2807 argento,
640 2743 728 2793 nutum
739 2744 874 2794 observabit
885 2762 977 2806 meum,

298 2820 363 2941 qli?
374 2819 458 2880 veiim,
473 2818 534 2885 quid
551 2814 675 2869 studeam.
709 2817 850 2867 adueniens
864 2816 940 2879 digito
950 2821 1074 2882 impellam

315 2909 331 2955 J
346 2908 446 2946 nuanrr
