2634 3367
480 339 550 389 Lm,
568 341 589 389 1.
606 341 681 389 cAP.
694 343 733 399 80,
745 343 785 390 el.
989 345 1020 393 el

231 451 290 516 aiut,
311 450 357 505 sed
377 449 445 521 quod
466 448 498 503 ab
518 467 548 504 eo
567 449 747 504 divinationem
767 448 859 504 habere
880 447 1020 515 videantur,

230 546 280 597 qua
292 525 462 597 providentes,
481 525 543 595 quid
556 525 584 579 iu
599 529 682 579 morte
696 525 755 579 boui
771 525 812 590 eit,
829 542 887 580 ourn
904 528 1019 580 erutuet

230 603 361 672 voluptate
384 601 539 655 moriuntur:
558 601 595 655 eie
618 599 735 655 omnibus
754 606 781 656 et
802 601 874 656 bonie
893 605 920 656 et
937 600 1019 655 doctie

229 697 286 733 eeee
303 676 453 732 faciendum.
489 677 547 731 Neo
563 694 623 732 vero
641 675 673 731 de
690 677 738 732 hoe
753 677 884 748 quiequam
903 676 1019 732 dubitare

229 761 324 825 posset,
346 753 396 808 nisi
416 752 482 807 idem
498 751 571 806 nobie
589 751 721 817 accideret,
741 753 875 824 diligenter
892 752 923 807 de
935 752 1018 808 animo

229 828 411 899 cogitantibus,
433 827 501 899 qaod
523 828 555 882 iia
579 845 645 897 eoepe
670 846 719 882 ueu
742 830 819 893 veuit,
844 828 888 900 qui
912 828 1018 900 [quum]

230 906 322 959 aeriter
331 904 410 959 oeulis
420 904 576 958 deficientem
585 902 663 957 eolem
675 902 842 970 intuerentur,
851 908 881 958 ut
888 907 1018 975 aepeotum

229 981 333 1035 omniuo
352 980 516 1034 amittereutz
541 979 578 1033 eie
597 978 689 1033 mentia
710 979 784 1043 aoiee,
805 982 889 1050 eeipea
907 980 1017 1046 intuens,

228 1073 419 1124 nonnumquam
442 1054 572 1120 hebeeoit;
599 1052 632 1109 nb
655 1072 761 1124 eamque
783 1072 884 1110 oaueam
907 1061 1019 1111 oontem-

229 1131 316 1202 pluudi
334 1130 490 1202 diligentiam
513 1130 661 1185 emittimur.
705 1130 796 1201 Itaque
820 1130 947 1196 dubitare,
970 1132 1019 1186 oir-

229 1211 413 1278 conspectum,
432 1206 560 1273 hesitans,
580 1206 662 1259 multa
685 1204 791 1260 adversa
808 1222 933 1270 reverens,
954 1209 1019 1261 tam·

229 1302 304 1354 quam
321 1283 349 1336 iu
366 1287 428 1347 rate,
445 1282 473 1336 iu
490 1282 553 1336 mari
568 1281 691 1336 immenso
708 1285 798 1335 nostra
812 1281 914 1336 vehitur
930 1282 1019 1338 oratio.

230 1358 281 1413 Sed
292 1358 347 1413 hoeo
358 1364 385 1413 et
396 1361 483 1413 vetera
494 1361 522 1412 et
533 1375 549 1411 a
561 1358 665 1412 Graeeie.
701 1358 767 1412 Cato
783 1361 869 1412 eutem
883 1357 920 1412 eie
930 1356 993 1412 abiit
1004 1363 1060 1416 ele

229 1434 290 1499 vita,
315 1438 346 1487 ut
369 1451 471 1488 oausam
489 1431 613 1488 moriendi
633 1436 736 1488 neotum
757 1450 785 1488 ee
808 1451 864 1489 esee
887 1432 1018 1503 gauderet.

229 1510 310 1565 Vetat
328 1510 396 1564 euim
413 1508 545 1564 dominans
562 1508 605 1564 ille
621 1508 649 1563 in
665 1509 738 1565 nobie
756 1508 826 1576 dene,
844 1510 944 1580 iujueeu
960 1510 1019 1566 hine

228 1603 276 1641 noe
297 1602 344 1640 euo
365 1584 520 1655 demigrare:
539 1603 618 1654 quum
638 1602 698 1640 vero
718 1603 819 1641 aeneam
836 1590 933 1657 juetam
956 1587 1019 1641 deue

228 1662 284 1731 ipse
296 1660 404 1724 dederit,
415 1664 446 1715 ut
463 1668 527 1715 tuno
539 1660 644 1728 Socrati,
656 1679 724 1717 nune
734 1662 830 1727 (latoni,
844 1680 909 1733 eoepe
918 1661 1017 1717 multia:

228 1755 269 1792 nar
280 1736 330 1800 ille,
344 1736 442 1791 medina
454 1735 537 1803 lidius,
548 1736 588 1791 vir
604 1736 704 1806 eapiene
715 1737 789 1792 laetae
803 1756 835 1792 ex
850 1737 890 1792 hie
907 1736 1019 1793 mnebrn

228 1813 256 1867 in
273 1812 356 1868 lueem
374 1812 442 1866 illem
460 1812 605 1867 exeesaerit.
640 1812 697 1869 Nee
714 1817 801 1869 tamen
817 1813 861 1868 illa
872 1814 954 1869 vinela
966 1831 1020 1869 ear·

228 1888 294 1943 eerie
306 1888 419 1957 ruperit:
438 1886 508 1958 leges
520 1888 587 1942 enim
599 1891 704 1955 retant3
723 1889 768 1944 eed
786 1894 918 1959 tamquam
935 1906 951 1944 a
968 1908 1019 1943 ma-

228 1965 341 2036 gistrum
362 1965 407 2018 aut
427 1963 459 2019 eb
479 1963 564 2033 ulique
582 1968 709 2034 potestate
732 1964 911 2034 legitimaam
933 1981 949 2018 a
972 1963 1019 2019 deo

228 2046 350 2096 evocatae
376 2043 454 2111 etque
477 2040 585 2095 emieeue
608 2041 706 2096 exierit.
742 2041 808 2095 Tota
827 2040 894 2094 erdm
911 2038 1020 2109 philoso-

228 2118 338 2188 phorum
349 2116 410 2181 vitu,
423 2115 501 2171 nteit
513 2116 586 2182 idem,
600 2116 779 2172 eommentatio
791 2115 880 2171 mortio
892 2119 940 2171 est.

262 2193 363 2247 XXXI.
376 2193 442 2246 Nam
454 2192 515 2263 quid
527 2192 595 2249 aliud
607 2194 712 2265 egimus,
726 2210 804 2265 quum
817 2209 832 2247 e
843 2192 980 2263 voluptate,
993 2192 1019 2249 id
1028 2204 1059 2256 75

227 2274 268 2325 eet
280 2287 297 2323 e
309 2285 422 2338 eorpore,
437 2287 515 2339 quum
529 2286 545 2322 a
559 2288 587 2325 re
599 2270 723 2335 familiari,
736 2286 792 2339 quea
808 2274 848 2324 eet
863 2270 979 2325 ministra
993 2274 1019 2325 et

226 2344 323 2400 famule
344 2344 463 2413 eorporis,
487 2363 564 2415 quum
585 2345 754 2415 erepublica,
777 2363 856 2415 quum
879 2363 894 2399 e
916 2346 1020 2416 negotio

227 2421 297 2477 omni
308 2437 456 2475 eevoeamue
468 2420 599 2474 animuml
634 2420 709 2486 Quid,
722 2421 833 2491 inquam,
845 2425 901 2475 tum
914 2422 1020 2492 εςὶιιιιιι,

227 2498 277 2551 uisi
299 2497 411 2551 animum
430 2496 463 2550 ad
483 2496 594 2565 seipsum
615 2495 774 2561 advocemus,
795 2514 881 2552 seeum
905 2515 961 2552 esee
981 2514 1021 2552 oo·

227 2574 313 2644 gimrm
337 2572 495 2641 maximeque
516 2590 532 2625 a
554 2590 659 2642 eorpore
682 2572 850 2628 abdueimuel
885 2574 1021 2628 Seoernere

227 2654 315 2704 autem
327 2664 343 2702 e
354 2664 460 2717 eorpore
471 2648 582 2701 animum
599 2665 645 2703 uee
657 2648 792 2719 quidquem
805 2647 873 2703 aliud
885 2652 932 2715 eet,
945 2663 1020 2716 quem

227 2724 308 2779 emori
325 2723 430 2778 diooere.
467 2722 554 2782 Quare
569 2723 618 2779 hoe
633 2723 925 2789 oommeuternur,uui¹ui
936 2719 1038 2779 mue,

228 2800 452 2870 diejnngnmuepue
467 2816 513 2853 noa
530 2802 722 2875 aoorporibue,
734 2802 767 2861 ‘ru
777 2804 833 2867 eet,
843 2803 1069 2863 eouaueeuamua·

220 2875 290 2927 &⁰1⁷3
326 2875 390 2928 1¹⁰0
405 2877 440 2939 el,
461 2874 524 2934 dum
543 2880 646 2940 erimus
666 2884 699 2943 in
714 2883 815 2949 terrie,
833 2877 890 2934 erit
905 2871 953 2927 'dlx
969 2859 1085 2917 ΜΨ
