2634 3367
269 330 304 377 40
407 328 603 377 TUSCULAN.
621 330 919 380 DlsPUTsTIONUM

270 458 345 511 quum
361 439 481 509 peounise
497 438 567 494 nulla
582 440 731 509 praestituta
746 441 794 495 die.
832 439 900 505 Quid
915 443 955 495 est
973 440 1059 511 igitur,

270 515 339 586 quod
356 533 469 586 querare,
488 516 511 569 si
527 516 629 586 repetit,
645 536 724 588 quum
740 518 816 572 vult?
838 517 877 571 Ea
893 516 959 571 enim
977 516 1061 571 eondi-

270 596 340 647 tione
358 610 499 662 aooeperas.
536 592 626 658 Iidem,
641 594 664 648 si
682 612 746 665 puer
762 612 855 664 parvus
871 592 972 658 oceidit,
989 610 1061 663 {equo

271 669 355 723 animo
371 667 502 723 ferendum
518 673 629 739 putant:
646 670 746 725 sivero
763 671 791 723 in
808 668 888 736 cunis,
905 686 938 723 ne
956 686 1062 739 queren-

271 744 331 799 dum
352 744 461 814 quidem.
496 745 578 816 Atqui
598 746 630 801 ab
651 746 700 800 hoe
719 745 833 800 acerbius
854 745 939 814 exegit
962 749 1061 811 natura,

272 820 339 892 quod
351 820 463 876 dederat.
489 821 610 876 Nondum
626 825 782 893 gustaverat,
795 821 921 891 inquiunt,
933 820 992 875 vitoe
1004 838 1061 875 sua·

271 897 392 952 vitatem:
413 896 455 952 hie
472 902 561 972 autem,
573 898 626 968 jam
643 897 762 968 sperabat
781 914 880 967 magna,
902 895 994 966 quibua
1010 896 1062 950 irui

272 977 389 1041 ooeperat.
426 975 463 1028 At
478 974 504 1029 id
516 974 618 1045 quidem
634 975 717 1045 ipsum
733 974 761 1027 in
777 973 868 1027 ceteris
880 971 956 1027 rebus
971 972 1061 1027 melius

273 1050 386 1117 putatur,
403 1048 512 1119 aliquam
527 1057 633 1121 partem,
645 1068 721 1119 quam
736 1049 838 1114 nullam,
856 1048 997 1119 attingere:
1015 1066 1062 1103 our

272 1122 300 1178 in
316 1124 371 1179 vita
387 1128 480 1182 secus?
504 1128 662 1198 Quamquam
679 1143 732 1180 non
749 1125 814 1179 mule
831 1125 868 1179 ait
884 1123 1061 1191 Callimachus,

272 1200 354 1255 multo
374 1204 470 1273 saepius
489 1203 638 1257 lasrimaase
657 1202 810 1267 Priamum,
830 1219 910 1271 quam
931 1201 1060 1255 Troilum.

272 1274 368 1332 Forum
380 1285 474 1343 autem,
487 1279 531 1350 qui
543 1284 633 1333 exaota
643 1282 720 1333 aetate
731 1276 882 1341 moriuntur,
894 1276 998 1331 fortuna
1008 1276 1061 1331 lan·

233 1351 355 1411 sedeur.
380 1354 453 1409 Curl
469 1373 536 1419 nam,
546 1372 611 1423 reor,
619 1372 672 1408 non
679 1353 837 1418 ullis‚sirita
844 1352 943 1423 longior
950 1351 1061 1420 daretur,

271 1433 358 1497 posset
370 1446 426 1484 esse
436 1429 578 1499 jucundior.
615 1428 689 1484 Nihil
700 1433 740 1483 est
756 1428 822 1482 enim
835 1428 950 1498 prolecto
965 1428 1061 1483 homiui

271 1502 406 1573 prudentis
418 1504 516 1559 duloius
522 1526 531 1570 ;
550 1522 633 1575 quam,
646 1508 677 1559 ut
689 1508 775 1559 uetera
786 1504 893 1573 auferat,
905 1504 980 1559 affert
991 1510 1061 1560 oerte

271 1585 396 1634 seneotns.
432 1580 495 1645 Quae
506 1597 566 1634 vero
578 1584 640 1635 etas
655 1579 733 1651 longa
744 1582 804 1636 esti
828 1585 874 1635 ant
885 1580 947 1651 qnid
959 1581 1061 1636 omnino

271 1654 367 1711 homini
377 1656 501 1728 longum?
525 1657 618 1712 Nonne

335 1750 407 1797 sntdo
426 1764 520 1813 pueros,
539 1749 611 1798 modo
629 1748 798 1807 tdolesoentes,
818 1747 844 1796 in
864 1764 944 1806 ouran,
961 1764 976 1797 a
995 1755 1062 1811 tergo

653 1821 790 1881 insequens,

334 1892 379 1938 uto
391 1890 516 1954 opinantes
526 1893 635 1937 amenta
647 1895 683 1937 est
1102 1956 1103 1964 ἵ

271 1974 408 2029 seneetual
433 1972 484 2028 Sed
501 1975 561 2044 quia
577 1972 645 2027 ultra
662 1970 725 2027 nihil
742 1969 872 2035 habemns,
890 1970 940 2025 hoe
957 1970 1061 2042 longum

272 2048 386 2105 dioimm.
421 2050 513 2105 Omnia
528 2050 586 2113 ists,
598 2047 702 2120 perinde
713 2051 744 2101 ut
760 2047 852 2117 unique
863 2046 924 2102 data
939 2052 1000 2101 snut
1016 2064 1062 2115 pro

271 2130 328 2181 ratu
339 2130 419 2197 purte,
432 2126 470 2180 ita
480 2126 557 2197 longa
568 2129 614 2179 aut
625 2124 715 2180 brevia
726 2122 854 2178 dicuntur.
885 2123 962 2192 Apud
975 2124 1063 2194 Hypa-

272 2201 325 2256 nim
340 2203 455 2266 flnvium‚
471 2203 515 2273 qni
530 2202 562 2255 ab
578 2202 687 2271 Europus
705 2203 778 2270 parte
795 2199 822 2253 in
839 2200 951 2254 Pontum
969 2199 1061 2263 influit,

272 2277 425 2333 Aristotelea
434 2277 470 2331 ait
481 2277 601 2332 bestiolas
613 2275 734 2347 quasdam
743 2275 820 2343 nasei,
833 2294 891 2346 quoe
902 2293 982 2329 nuum
995 2274 1062 2329 diem

272 2353 366 2407 vivunt.
400 2354 442 2407 Ex
456 2353 497 2407 his
516 2352 603 2421 igitur,
621 2353 685 2407 bora
703 2355 874 2421 octavaque
894 2356 1061 2416 mortuaest,

271 2433 392 2500 proveeta
409 2432 485 2484 atate
502 2433 676 2482 mortuaest:
699 2445 755 2497 quas
772 2445 833 2481 vero
850 2426 981 2482 occidente
1000 2426 1060 2491 sole,

272 2504 414 2576 deorepita;
436 2522 467 2559 eo
487 2503 576 2573 magis,
597 2503 621 2558 si
639 2506 716 2557 etiam
736 2502 862 2557 solstitiali
883 2503 930 2558 die
967 2502 1061 2557 Confer

271 2585 384 2636 nostram
396 2580 569 2652 longissimam
581 2582 682 2634 atatem
692 2596 749 2633 eum
762 2579 903 2633 eternitate
910 2600 919 2644 ;
937 2578 964 2632 in
973 2578 1061 2633 eadem

272 2657 453 2728 propemodum
465 2656 596 2721 brevitate,
610 2674 660 2726 qua
671 2655 720 2709 illae
731 2655 850 2719 bestiolae,
864 2654 1026 2723 reperiemur.

231 2749 263 2795 95
307 2734 364 2789 XL.
390 2735 585 2788 Contemnamus
613 2732 693 2802 igitur
716 2748 803 2785 omnes
830 2730 953 2800 ineptias:
981 2727 1061 2799 (quod

255 2809 328 2860 emin
350 2809 439 2864 [emm
457 2810 523 2866 Irur'o
543 2808 647 2867 levitati
671 2824 766 2864 nomen
787 2806 946 2877 imponenti
966 2807 1060 2858 totam·

234 2891 290 2940 4³⁸0
304 2883 356 2936 ⁷1211
375 2883 445 2942 bene
465 2888 574 2948 arsendi
589 2889 617 2948 in
637 2887 722 2947 animi
738 2885 835 2945 robore
850 2900 881 2940 ao
894 2879 1059 2950 magunum
