2634 3367
472 337 542 387 LIB.
560 339 589 387 V.
617 339 691 389 CAP.
705 342 744 397 28,
757 341 796 389 29.
986 342 1030 390 185

242 450 353 503 mentem
370 446 456 503 venire
472 466 525 504 non
541 453 634 520 potest.
669 450 812 506 Stoicorum
829 450 931 522 quidem
950 450 1071 507 laedistz

242 522 370 580 conclusio
381 527 436 580 est:
455 526 499 596 qui
510 545 588 597 quum
600 527 675 581 finem
691 527 814 582 bonorum
829 545 885 582 esse
896 528 1030 594 senserint,

242 616 381 670 congruere
389 604 486 657 natirras
495 604 827 673 cumqueeaconveuienter
835 604 934 659 vivere:
954 623 1032 676 quum

232 674 270 741 ,id
281 677 315 732 sit
326 675 354 731 in
369 677 489 747 sapientis
505 678 583 733 situm
598 697 650 734 non
662 678 742 733 officio
756 679 844 747 solum,
856 698 943 735 verum
955 681 1032 735 etiam

243 756 387 821 potestate:
406 760 528 822 sequetur
539 771 643 810 necesse
658 762 706 820 est,
720 758 757 820 ut,
771 755 843 825 eujus
861 755 888 809 in
905 759 1033 826 potestate

243 842 369 882 summum
392 828 494 896 bonum,
512 830 539 885 iu
562 830 674 901 ejusdem
692 831 746 886 vita
765 830 839 886 beata
862 832 904 886 sit.
940 832 984 885 Ita
1003 832 1033 886 flt

243 919 343 975 semper
354 903 408 958 vita
418 904 493 959 beata
508 906 768 976 sapientia-Habes,
782 925 838 977 quoe
850 907 986 962 fortissime
1001 906 1033 961 de

241 984 317 1040 beata
328 986 382 1041 vita
394 985 442 1041 dici
455 991 550 1057 putem,
563 994 597 1055 et,
609 1006 660 1059 quo
672 988 747 1043 modo
765 1006 832 1045 nune
849 994 897 1055 est,
910 989 959 1045 nisi
971 990 1032 1061 quid

242 1063 272 1116 tu
284 1062 374 1117 melius
386 1062 510 1131 attuleris,
522 1065 598 1119 etiam
610 1065 749 1120 verissime.

276 1139 375 1194 XXIX.
393 1141 425 1193 A.
438 1140 532 1195 Melius
544 1141 660 1212 equidem
672 1142 761 1196 efferre
772 1140 835 1195 nihil
850 1158 967 1211 possum:
987 1142 1033 1198 sed

242 1230 257 1267 a
274 1217 302 1268 te
318 1214 473 1285 impetrarim
491 1216 606 1282 libenter,
623 1220 661 1282 ut,
678 1217 728 1271 nisi
748 1216 882 1271 molestum
900 1217 940 1280 sit,
960 1218 1033 1287 (quo-

241 1289 310 1344 nism
321 1294 349 1345 te
360 1290 430 1346 nulla
441 1292 541 1348 vincula
551 1292 694 1363 impediunt
709 1292 785 1348 ullius
800 1295 875 1347 eertoe
887 1290 1031 1362 disciplinee,

241 1364 356 1438 libasque
376 1385 408 1422 ex
429 1367 553 1436 omnibus,
574 1368 751 1439 quodcumque
772 1371 800 1421 te
820 1367 928 1423 maxime
951 1368 1034 1439 specie

241 1442 358 1497 veritatis
374 1446 486 1511 movetz)
506 1444 573 1514 quod
590 1444 675 1514 paullo
692 1447 751 1499 ante
767 1443 949 1513 Peripateticos
965 1447 1034 1500 vete-

241 1535 346 1589 remque
365 1519 526 1574 Acsdemiam
545 1520 642 1574 hortari
664 1519 788 1585 videbare,
810 1523 841 1573 ut
864 1520 919 1575 sine
940 1523 1034 1575 retrac-

186 1613 220 1659 κ
236 1594 340 1650 vtutione
363 1594 441 1650 libere
457 1596 540 1651 dicere
561 1595 690 1660 auderent,
710 1596 836 1667 sapientes
857 1613 913 1651 esse
936 1614 1034 1667 semper

237 1669 410 1736 beatissimos,
427 1671 455 1725 id
471 1671 545 1726 velim
563 1672 657 1737 audire,
676 1671 883 1743 quemadmodum
902 1671 942 1727 his
960 1677 1034 1743 putes

242 1750 440 1801 consentaneum
455 1765 511 1802 esse
527 1747 553 1802 id
569 1747 659 1803 dicere.
696 1748 782 1802 Multa
795 1748 862 1802 enim
878 1764 893 1801 a
908 1754 935 1801 te
946 1751 1035 1802 contra

242 1821 318 1877 istam
334 1823 486 1877 sententiam
502 1822 646 1877 dictasunt
663 1826 690 1877 et
707 1823 849 1877 Stoicorum
866 1822 963 1875 ratione
975 1839 1034 1876 con-

242 1897 321 1953 clusa
356 1898 395 1951 M.
412 1898 524 1953 Utamur
540 1899 620 1967 igitur
634 1897 760 1963 libertate,
774 1914 824 1968 qua
839 1896 911 1951 nobis
930 1896 989 1951 solis
1006 1896 1072 1957 inst

243 1973 402 2044 philosophia
416 1974 476 2029 licet
491 1974 546 2040 uti;
565 1992 672 2044 quorum
688 1973 769 2027 oratio
785 1971 848 2026 nihil
859 1971 915 2041 ipsa
927 1971 1032 2042 judicat,

243 2049 288 2105 sed
299 2049 409 2104 liabetur
419 2052 446 2104 in
458 2067 544 2104 omnes
559 2053 652 2119 partes,
665 2054 696 2104 ut
712 2048 743 2104 ab
756 2047 810 2102 eliis
827 2048 907 2117 possit
919 2047 974 2116 ipsa
989 2064 1034 2117 per

242 2143 307 2191 sese,
319 2125 414 2181 nullius
426 2127 577 2181 auctoritate
589 2126 716 2195 adjuncta,
725 2124 843 2195 judicari.
869 2124 904 2177 Et
916 2123 1033 2194 quoniam

242 2203 336 2258 videris
354 2202 402 2257 hoc
418 2202 490 2267 velle,
504 2206 541 2268 ut,
555 2220 719 2273 quecumque
735 2198 938 2255 dissentientium
956 2198 1034 2269 philo·

242 2279 380 2349 sophorum
401 2280 528 2333 sententia
548 2279 582 2334 sit
600 2278 631 2333 de
651 2278 752 2346 finibus,
769 2281 855 2331 tamen
872 2276 953 2330 virtus
971 2276 1034 2331 satis

243 2356 335 2411 habeat
351 2356 474 2409 advitam
489 2355 587 2410 beatem
602 2354 729 2425 praesidii:
747 2353 814 2424 quod
827 2352 927 2423 quidem
940 2352 1033 2408 Carne·

243 2432 316 2487 adem
334 2431 464 2501 disputare
482 2431 585 2485 solitum
604 2431 761 2501 accepimus;
786 2431 831 2485 sed
851 2429 880 2496 is,
896 2433 926 2484 ut
945 2434 1034 2486 contra

243 2508 352 2571 Stoicos,
364 2525 427 2578 quos
443 2507 626 2562 studiosissime
643 2525 742 2577 semper
753 2505 890 2572 refellebat,
902 2508 929 2560 et
945 2509 1034 2559 contra

243 2602 351 2655 quorum
364 2584 519 2653 disciplinam
535 2584 665 2653 ingenium
680 2586 737 2651 ejus
753 2584 894 2646 exarserat;
913 2598 958 2634 nos
970 2579 1034 2634 illud

243 2660 346 2731 quidem
364 2677 422 2715 cum
443 2677 505 2729 paee
523 2678 634 2730 agemus.
671 2660 698 2713 Si
719 2660 784 2713 enim
806 2657 885 2711 Stoici
905 2656 967 2709 fines
988 2655 1033 2709 bo-

242 2755 334 2792 norum
350 2740 420 2790 recte
436 2739 591 2805 posuerunt3
610 2735 726 2790 coniecta
743 2753 783 2789 res
800 2737 856 2787 est:
875 2748 980 2785 necesse
993 2736 1038 2781 est

241 2830 342 2882 semper
357 2811 458 2867 beatum
475 2830 532 2869 esse
549 2813 704 2888 sapientem.
738 2810 798 2868 ted
814 2805 1111 2880 queramusomam‘s‘n

230 2904 360 2957 quemque
369 2888 534 2965 reliquorum
555 2894 737 2962 sententiam,
747 2892 774 2949 sl
790 2888 855 2945 lieri
866 2866 1093 2954 mmmmm
